2926 4776
712 248 752 308 36

160 431 229 514 ipse
252 431 284 496 in
307 430 442 496 historia
464 429 604 494 naturali
627 429 776 495 historias
797 449 873 494 suas
894 450 1147 494 commemorans
1169 431 1211 495 ad
1229 437 1307 495 tem-

160 555 239 617 pora
263 539 337 598 ante
362 533 518 597 Neronem
542 552 606 597 non
629 537 766 615 spectet,
799 552 853 595 eas
876 553 964 597 orsas
987 553 1054 595 esse
1083 533 1224 612 censuit,
1257 534 1308 598 uel

160 640 307 700 amorte
330 634 538 712 Messalinae,
571 655 670 717 quum
701 633 741 697 ab
771 653 856 696 anno
888 634 938 697 Ll.
962 655 993 717 p.
1018 633 1093 697 chr.
1116 635 1308 718 prodigies

159 736 269 801 Tacito
292 735 479 801 afferantur.
523 735 708 801 Theodorus
730 735 906 800 Mommsen
919 741 955 818 ¹),
977 736 1018 799 sd
1040 757 1161 801 annum
1186 738 1306 803 XXXI.

160 860 189 922 p.
213 838 288 902 chr.
315 837 433 903 Aufidii
455 859 535 922 opus
557 839 757 922 pertinuisse,
784 845 821 903 ut
842 839 1001 922 opinetur,
1031 859 1069 901 es
1091 860 1125 902 re
1148 840 1308 906 adductus

159 947 225 1019 est,
248 940 333 1025 qnod
359 919 568 1005 Cltssiodorus
590 939 727 1005 Senator
748 959 768 1003 a
789 940 852 1005 fine
873 940 908 1006 Τ.
932 940 1012 1004 Livii
1034 943 1199 1025 usquead
1223 943 1307 1008 huno

159 1049 287 1108 tsntnm
309 1061 429 1106 annum
451 1061 491 1106 ex
512 1061 551 1106 eo
573 1040 736 1106 consulum
761 1042 875 1106 seriem
898 1043 1066 1124 excerpsit.

245 1145 364 1210 Facere
385 1163 447 1208 non
470 1165 608 1228 possum,
631 1144 708 1226 quin
730 1149 920 1225 arguments
942 1164 962 1207 a
983 1145 1017 1206 Ο.
1036 1144 1216 1228 Nipperdey
1230 1166 1304 1229 pro·

161 1247 229 1310 late
250 1246 397 1330 graviora
420 1245 572 1323 habeam,
600 1246 788 1330 praecipue,
816 1267 914 1329 quum
942 1266 959 1308 e
985 1245 1083 1310 Dione
1103 1246 1208 1330 colligi
1230 1267 1302 1329 pos-

160 1348 233 1426 sint,
255 1368 338 1431 quae
360 1346 552 1431 opinionem,
578 1346 715 1410 Plinium
739 1346 847 1430 aliquo
871 1348 938 1412 loco
956 1349 1038 1412 vitae
1055 1346 1182 1412 Claudii
1196 1368 1302 1411 orsum

160 1469 228 1514 esse
251 1448 382 1513 firmant
395 1450 432 1531 ⁹).
478 1448 606 1532 Insigne
628 1449 712 1512 enim
734 1456 792 1527 est,
815 1450 901 1533 quod
924 1450 999 1513 inde
1020 1449 1160 1533 acapita
1175 1453 1216 1513 26
1232 1449 1303 1515 libr.

160 1551 217 1616 LX
240 1532 348 1616 omina
370 1551 581 1616 crebrerrima
603 1549 713 1615 lectori
735 1559 925 1629 occurrunt,
956 1571 1038 1635 quae
1062 1551 1190 1635 quidem
1210 1551 1243 1616 in
1266 1551 1304 1615 li·

160 1653 226 1718 bris
242 1654 296 1737 qui
312 1652 507 1718 antecedunt
529 1653 630 1718 multo
652 1654 757 1718 rarius
779 1653 985 1718 inveniuntur
999 1655 1037 1736 ⁸).
1082 1655 1152 1732 Quo
1174 1653 1304 1732 accedit,

161 1762 197 1820 ut
218 1755 293 1819 inde
315 1775 336 1819 a
356 1755 424 1820 vita
444 1754 582 1820 Neronis
614 1755 646 1819 in
678 1755 769 1820 initio
799 1756 937 1820 vitarum
968 1756 1071 1820 multa
1100 1757 1205 1839 posita
1232 1754 1306 1819 sint.

161 1857 252 1937 Quod
267 1878 287 1922 a
303 1856 468 1941 Xiphilino
483 1856 666 1921 institutum
682 1877 750 1921 esse
771 1857 824 1920 vix
846 1858 983 1937 credam,
1007 1859 1063 1940 qui
1085 1878 1157 1921 cum
1179 1857 1309 1922 omnino

161 1959 307 2023 ordinem
328 1979 434 2023 rerum
458 1978 521 2022 non
544 1959 725 2035 mutaverit,
749 1965 818 2022 tum
838 1958 984 2041 prodigia
1011 1967 1077 2023 tam
1099 1959 1216 2023 illustri
1240 1958 1308 2024 loco

161 2081 224 2124 non
249 2059 368 2143 posuit;
397 2058 599 2124 acerbissime
621 2060 706 2123 enim
722 2060 854 2126 Dionem
878 2066 1007 2143 propter
1029 2062 1159 2125 nimiam
1183 2066 1312 2146 porten-

161 2168 267 2225 torum
301 2160 547 2224 admirationem
579 2163 740 2244 vituperat
757 2167 794 2238 ⁴).
850 2161 1021 2226 Praeterea
1054 2162 1169 2227 afferre
1204 2163 1312 2244 liceat,

161 2283 348 2328 consensum
370 2265 454 2327 inter
475 2261 620 2327 Tacitum
650 2271 683 2327 et
707 2265 839 2328 Dionem
869 2262 969 2326 multo
998 2263 1247 2344 frequentiorem
1277 2266 1312 2330 in

162 2366 229 2429 vita
249 2365 368 2438 Tiberii
390 2365 607 2443 describenda,
629 2385 725 2447 quam
748 2366 780 2427 in
803 2364 852 2442 iis,
875 2383 957 2446 quae
981 2363 1019 2426 de
1036 2363 1170 2430 Claudio
1193 2374 1226 2431 et
1249 2367 1311 2434 Ne·

162 2488 240 2531 rone
261 2466 460 2544 referuntur,
483 2468 635 2542 existere,
664 2485 729 2548 qua
750 2484 768 2530 e
789 2486 824 2529 re
846 2485 989 2548 quoque,
1019 2469 1230 2533 mutationem
1253 2470 1313 2534 ali-

164 2589 260 2648 ouam
283 2568 419 2632 fontium
441 2566 592 2645 evenisse,
616 2567 789 2648 conjectari
812 2573 926 2651 potest.

249 2669 407 2735 Perducor
428 2669 537 2753 igitur,
559 2674 597 2733 ut
617 2668 755 2749 credam,
781 2668 898 2734 alicubi
912 2671 938 2751 ⁶)
963 2670 993 2733 in
1011 2670 1076 2735 vita
1092 2669 1218 2737 Claudii
1234 2673 1312 2738 scri-

235 2883 255 2952 ¹t
291 2883 431 2938 Abhandl.
449 2883 478 2938 d.
496 2884 582 2938 sinclis.
597 2883 657 2937 Ges.
676 2883 704 2938 d.
717 2883 799 2938 Wiss.
818 2884 891 2940 Vlll.
911 2884 1096 2954 (philol-hist.
1115 2887 1154 2941 cl.
1175 2889 1225 2956 ΙΙΙ)
1243 2888 1309 2957 Lpz.

166 2975 243 3026 1861.
262 2989 288 3041 p.
307 2974 366 3024 558.
773 2974 774 2977 ’

235 3061 256 3126 ¹)
292 3059 351 3125 Qua
368 3058 404 3112 de
420 3057 550 3126 opinione
569 3073 613 3110 me
632 3056 768 3111 deducere
785 3074 842 3111 non
864 3064 981 3128 possunt
1002 3077 1072 3128 qnae
1090 3061 1263 3116 Christensen
1281 3075 1307 3127 p.

165 3152 200 3202 66
217 3163 257 3214 sq.
275 3146 409 3214 explicat,
435 3144 687 3213 demonstraturus,
706 3144 846 3199 Aufidium
863 3164 950 3217 nsque
969 3149 1004 3202 sd
1021 3148 1124 3202 Tiberii
1142 3149 1250 3200 tentum
1268 3146 1308 3196 in·

164 3236 278 3288 teritum
296 3231 461 3300 pervenisse.
496 3233 668 3300 Argumenta
688 3233 761 3286 enim
780 3235 838 3302 ejus
856 3235 948 3288 omnia
967 3235 1035 3288 talia
1053 3239 1123 3301 sunt,
1141 3233 1222 3301 quale
1239 3230 1307 3286 hoc:

165 3339 247 3391 „nam
266 3320 319 3374 atsi
337 3319 368 3373 in
386 3318 479 3384 libris,
497 3334 565 3387 quos
583 3320 617 3372 de
635 3321 731 3389 bellis,
749 3339 820 3390 quse
839 3323 954 3376 Romani
972 3325 999 3377 in
1019 3321 1163 3379 Germanis
1179 3336 1310 3388 umquem

166 3412 322 3479 gesserunt,
348 3406 516 3475 composuit,
542 3405 615 3460 hunc
635 3409 705 3469 (soil.
724 3410 829 3479 locum,
848 3428 902 3479 quo
921 3412 1004 3479 Gajus
1023 3410 1147 3481 Caligula
1164 3411 1246 3461 natus
1264 3408 1311 3477 sit)

166 3512 380 3550 commemorare
398 3495 489 3563 potuit
505 3494 620 3562 Plinius,
637 3497 728 3565 aptius
748 3501 840 3551 tamen
858 3499 975 3567 videtur,
993 3501 1016 3553 si
1034 3500 1114 3554 initio
1132 3497 1241 3567 imperii
1261 3497 1312 3549 Gai

166 3583 240 3637 hunc
258 3584 348 3638 locum
368 3581 404 3634 ab
424 3598 456 3635 ao
473 3581 646 3635 nominatum
664 3601 723 3637 esse
742 3587 921 3640 statuamus.“

238 3670 260 3734 ⁸)
296 3670 370 3723 Hsec
388 3669 449 3721 sola
467 3669 533 3723 inde
550 3687 566 3723 s
583 3671 656 3724 libro
674 3672 748 3727 LVII
766 3673 873 3726 iuveni:
891 3674 975 3727 LVII.
997 3677 1037 3727 14.
1060 3676 1100 3726 18.
1116 3676 1157 3728 19.
1176 3672 1314 3727 LV111.5.

169 3762 193 3811 7.
213 3760 257 3811 26.
279 3761 321 3811 27.
347 3755 419 3809 LIX.
439 3759 480 3810 12.
499 3757 567 3826 (LX.
586 3760 639 3827 26).

238 3845 260 3912 ⁴)
295 3844 365 3898 onir.
384 3844 428 3898 ed.
448 3843 536 3898 Stura.
555 3845 615 3901 Vll.
635 3862 662 3914 p.
682 3847 741 3899 676.
776 3845 818 3898 ad.
837 3845 920 3898 Dind.
940 3847 971 3902 V.
992 3864 1017 3915 p.
1039 3850 1081 3901 51.
1101 3850 1144 3900 72.

238 3930 260 3998 ⁸)
295 3930 434 3984 Aufidium
450 3933 549 3987 mediis
568 3934 597 3986 in
615 3932 698 3986 rebus
717 3931 752 3984 sb
769 3931 937 4000 imperatore
955 3934 1047 4001 aliquo
1064 3936 1150 4003 gest-is
1169 3936 1312 4002 institisse,

168 4034 258 4087 neque
275 4034 307 4071 sc
325 4023 431 4073 certum
450 4018 541 4086 linem,
559 4019 647 4087 qualis
664 4035 738 4072 mors
756 4018 873 4087 alicujus
885 4021 1060 4089 imperatoris
1076 4027 1125 4086 est,
1146 4027 1313 4094 pervenisse,

170 4106 314 4174 inscriptio
333 4123 440 4173 quoque
460 4109 550 4176 operis
570 4106 705 4159 Pliniani:
726 4123 752 4173 ,s
769 4106 822 4160 line
840 4108 942 4160 Aufidii
960 4109 1047 4161 Bussi‘
1066 4106 1222 4174 significare
1240 4113 1315 4164 vide-

169 4196 223 4257 tur,
242 4191 310 4246 onir.
331 4192 420 4245 Tsciti
439 4193 484 4262 ,sb
503 4210 617 4248 excessu
636 4193 693 4248 divi
710 4193 837 4262 Augusti’
856 4194 929 4247 libri.
