2926 4776
709 228 749 288 29

160 401 300 471 τούτου
336 404 404 495 τὴν
445 409 515 489 μὲν
552 408 672 473 vinctor
687 432 769 493 pone
791 420 908 492 iocum
946 414 1042 477 donoc
1067 416 1209 499 reliyotr'c
1234 428 1306 500 poet

158 504 439 595 ἐσθῆτααῦτοῦ
451 532 517 573 rre-
554 534 686 577 mortuo:
718 514 840 578 laniato
861 538 910 577 cc-
947 524 1034 597 teryo
1063 520 1222 595 omnibus,
1254 520 1305 585 io·

157 605 412 697 ρνρῤήξαντες
451 609 614 751 nuileio,
639 615 764 681 foedam
787 624 909 700 specto-
938 619 1026 698 jecto
1058 619 1226 685 cervicibus
1257 621 1305 686 lo-

158 709 211 779 τῶ
230 716 338 799 χεῖρα
364 708 404 789 ἐς
429 706 869 784 rori-.culumducebetu1·.
945 741 1036 802 queo,
1067 733 1146 786 verte
1173 722 1302 789 discisso

159 812 265 882 πίσω
315 811 516 899 δήσαντες,
925 816 1129 923 tueminudue
1150 825 1184 889 in
1200 824 1304 891 sorum

159 910 517 1003 τῷδὲαύχένισχοί-
925 929 1067 999 Ιῐτααῑατ
1121 930 1171 989 eet
1220 928 1305 992 inter

160 1043 246 1085 νιον
279 1018 517 1107 περιθέντες
924 1022 1061 1107 [magne
1095 1047 1200 1091 rerum
1236 1049 1304 1093 rer·

162 1164 202 1176 -
217 1120 272 1187 καὶ
286 1120 342 1189 διὰ
354 1126 413 1210 τῆς
428 1118 534 1209 ἱερᾶς“
944 1124 1119 1209 borumque
1155 1128 1303 1211 ludibrio,

159 1219 238 1291 ὁδοῦ
257 1220 373 1313 ἔστραν
387 1222 443 1291 τὸν
458 1220 516 1290 αὖ·
944 1247 1001 1308 per
1023 1234 1127 1293 totum
1154 1232 1224 1297 viae
1254 1253 1302 1297 se·

158 1325 337 1415 τοκράναρα
381 1366 421 1379 -
461 1325 516 1391 καὶ
923 1272 1016 1429 'crae
1025 1332 1164 1413 spatium
1174 1335 1303 1400 redacto

159 1424 442 1517 αἱμὲνέῤῥάντιζον
457 1422 515 1493 αὕ-
924 1448 1035 1593 'come
1057 1435 1171 1517 capite.
1197 1474 1235 1483 —

157 1530 215 1623 τὸν
236 1572 277 1583 -
302 1528 449 1609 πάντες
475 1529 516 1595 δὲ
552 1531 659 1595 moitis
716 1532 909 1616 increpanti-

158 1630 370 1700 ἔσκωπτον
401 1671 442 1681 -
475 1628 517 1695 τά
553 1632 619 1695 bur.
645 1670 686 1683 -
925 1704 928 1713 Ι

159 1728 517 1819 τεόἓλλακαὶτὴνᾶσω-

158 1832 232 1901 τίαν
241 1828 518 1919 αὕταῦέπιλέγον-
924 1732 928 1933 j

158 1962 229 2019 τες,
266 1933 409 2025 ἐπειδὴ
449 1933 516 2001 καὶ
923 1938 1062 2041 toenio
1085 1956 1219 2045 aceruo]

157 2035 426 2127 γαστροντίων
461 2028 514 2126 ἦν.

157 2138 388 2226 αἰσχυνομένου
408 2140 514 2207 τεκαὶ
557 2140 718 2204 Vitellium
783 2142 908 2219 insertio
943 2150 1035 2225 atque
1070 2144 1165 2208 ctiam
1199 2155 1301 2211 mento

156 2242 246 2313 κάτω
266 2243 450 2329 βλέποντος
476 2238 533 2307 oi
550 2243 747 2307 mucronibus
769 2252 906 2306 eoactum
943 2264 1089 2306 mucrone
1105 2245 1208 2326 clodii
1229 2250 1301 2313 ναὸ-

157 2351 402 2431 στρατιιῦται
444 2370 514 2411 ac·
549 2345 640 2408 modo
662 2344 838 2425 eriqeroos,
874 2352 908 2410 ct
894 2352 1042 2419 t,rccto
1077 2347 1300 2415 ulcisendam

157 2442 514 2530 τὸνῦντὸτὸνένει-
548 2445 663 2511 offerre
685 2445 894 2511 contumeliis.
921 2448 1238 2613 ,mochoetfocrssem
1228 2474 1298 2525 ,μιν

157 2572 199 2615 ον
255 2542 513 2625 ὖντακέντουν,
943 2570 976 2610 τα
997 2570 1110 2613 cummi
1112 2557 1211 2616 moret

157 2650 222 2717 ἵνα
236 2648 302 2715 καὶ
317 2642 417 2714 ἄκων
438 2624 534 2802 circel

157 2752 300 2840 βλέπῃ.

246 2874 324 2939 item
345 2869 549 2937 consentiunt
570 2868 631 2933 Dio
652 2873 685 2933 et
706 2867 835 2933 Tacitus
856 2868 895 2933 de
918 2868 1078 2935 Germano
1100 2870 1216 2951 milite,
1240 2873 1299 2937 im·

157 2976 298 3062 pcrotori
321 2994 413 3059 opem
435 2972 567 3052 ferente,
589 2971 683 3037 etde
705 2970 923 3053 roceVitellii,
945 2991 1026 3056 quos
1047 2971 1129 3037 duos
1149 2994 1200 3037 reo
1222 2974 1298 3039 Sue·

156 3079 264 3144 tonius
286 3098 350 3142 non
373 3075 479 3141 habet.

240 3180 365 3245 Sortem
387 3177 637 3262 propinquorum
661 3174 781 3240 Vitellii
803 3175 932 3241 Tacitus
962 3181 999 3241 ut
1027 3176 1150 3243 ferebat
1178 3184 1299 3262 tempo·

156 3302 227 3347 rum
251 3282 328 3347 ordo
350 3281 383 3345 in
405 3285 555 3345 contextu
579 3278 684 3361 operis
707 3278 776 3355 (lv.
792 3282 821 3343 2.
843 3280 899 3360 80)
921 3284 1086 3357 memoret,
1110 3276 1212 3345 Dione
1233 3301 1299 3347 om-

157 3383 221 3464 nio,
242 3403 324 3467 quae
345 3383 387 3448 ad
409 3380 574 3447 Vitellium
597 3386 753 3464 spectent,
776 3384 834 3446 hoc
856 3380 926 3446 loco
949 3380 1140 3446 absolvente.

241 3550 385 3615 Efficitur
405 3551 504 3633 igitur
526 3571 564 3615 ex
587 3550 647 3615 hec
671 3551 919 3634 comparatione,
941 3550 1085 3630 Dionem,
1106 3550 1183 3615 item
1201 3556 1299 3635 atque

157 3655 190 3719 io
213 3654 287 3718 ritis
308 3650 429 3717 Galbae
450 3658 483 3716 et
505 3651 640 3716 Othonis
661 3652 889 3731 describendis,
918 3650 970 3719 hic
992 3653 1088 3717 etiem
1112 3655 1218 3718 omnia
1240 3674 1299 3719 sua

157 3777 197 3821 ex
219 3756 340 3834 codem,
361 3775 424 3837 quo
439 3753 569 3817 Tacitus
584 3774 661 3818 usus
683 3761 741 3833 est,
763 3755 850 3820 sonte
870 3791 905 3802 -
923 3754 1026 3820 Plinio
1041 3754 1199 3833 hausisse3
1222 3776 1298 3821 nem

157 3878 240 3945 queo
261 3856 405 3923 a'l'ecito
423 3855 610 3940 discrepent
631 3861 688 3919 out
709 3856 795 3940 apud
818 3877 889 3920 curn
912 3877 975 3920 non
999 3856 1211 3936 inveniuntur,
1234 3880 1297 3923 non

157 3960 314 4045 ejusmodi
341 3979 408 4024 esee
439 3958 600 4033 videntur,
633 3964 670 4021 ut
697 3978 736 4022 ex
763 3958 826 4023 olio
855 3958 1009 4041 scriptore
1035 3956 1168 4023 Dionem
1189 3979 1228 4022 ee
1249 3961 1298 4025 in·

156 4064 293 4129 seruisse
322 4068 510 4126 statuemus.
562 4060 672 4137 Certe,
705 4061 731 4123 si
761 4061 895 4124 tortasse
924 4060 1017 4124 rebus
1040 4059 1194 4124 Plinianis
1219 4062 1297 4145 quid

156 4165 308 4247 inseruit,
327 4162 442 4247 quibus
464 4162 542 4227 locis
564 4162 597 4227 id
621 4164 739 4226 iactum
763 4164 820 4243 sit,
842 4160 988 4244 cognosci
1010 4179 1074 4225 non
1098 4166 1212 4249 potest.
