2926 4776
710 171 744 230 ll

159 356 351 423 concedente
366 358 454 434 (Zon.
476 357 526 437 15)
544 361 676 419 mortem
692 354 761 438 ejus
776 354 1022 437 pulcherrimam
1038 354 1122 418 vitae
1144 353 1298 437 pessimae

159 459 344 525 memoriam
369 459 434 522 fere
456 457 651 522 obliterasse.

245 562 328 626 Fieri
351 565 458 625 autern
482 581 544 625 non
569 564 682 643 potest,
705 563 741 622 ut
764 579 781 622 e
804 558 872 623 sola
894 557 995 623 Cassii
1014 556 1124 621 Dionis
1147 556 1299 620 relatione

159 683 394 746 cognoscamus,
418 668 525 726 utrum
548 683 587 726 ex
611 681 683 725 uno
705 660 868 744 scriptore,
889 659 943 744 qui
961 660 1048 723 varia
1061 657 1184 740 judicia
1198 677 1299 738 aeque

160 765 355 842 contulerat,
386 763 544 841 hauserit,
577 784 617 827 an
653 763 720 846 ipse
751 761 810 826 uio
839 763 922 827 hanc
954 761 1120 825 materiem
1154 780 1170 822 e
1203 759 1300 822 variis

159 866 368 950 scriptoribus
396 865 630 949 conquisiverit.
683 865 846 942 Quomodo
876 884 926 928 res
955 884 988 928 se
1018 861 1150 937 habeat,
1184 864 1221 924 ut
1248 880 1299 924 co·

160 987 359 1051 gnoscamus,
381 974 564 1033 accuratam
582 989 652 1032 cum
669 967 789 1042 'lecito
814 963 986 1029 Plutarcho
1004 969 1036 1027 ct
1051 962 1201 1028 Suetonio
1216 982 1299 1026 com-

159 1070 357 1153 parationem
379 1071 584 1135 instituamus
602 1072 668 1154 jam
693 1089 820 1134 necesse
842 1074 898 1131 est.

246 1421 450 1505 Argumentis
465 1420 545 1486 nihil
560 1420 649 1486 dubii
671 1421 933 1506 relinquentibus,
955 1442 1150 1506 quamquam
1172 1425 1247 1485 sunt
1268 1424 1301 1483 et

158 1525 305 1602 luerunt,
332 1526 388 1607 qui
409 1543 448 1589 ea
468 1529 627 1602 recusent,
648 1524 707 1588 viri
731 1525 815 1589 docti
838 1525 1086 1610 comprobarunt
1105 1530 1141 1604 ¹),
1171 1542 1301 1588 consen·

159 1647 229 1691 sum
252 1625 344 1690 illum
364 1625 568 1688 manifestum
591 1645 714 1702 eorum,
749 1647 831 1708 quae
854 1627 1012 1709 prioribus
1035 1625 1238 1691 historiarum
1263 1622 1300 1686 li·

159 1728 226 1793 bris
248 1726 377 1791 Tacitus
399 1725 513 1805 refert,
543 1746 616 1789 cum
639 1726 712 1790 vitis
734 1726 854 1793 Galbae
876 1734 909 1792 et
930 1727 1066 1792 Othonis
1087 1749 1107 1792 a
1130 1724 1300 1791 Plutarcho

160 1829 327 1912 descriptis
341 1865 382 1876 —
398 1849 456 1892 nec
471 1849 546 1891 raro
561 1847 644 1911 quae
666 1828 835 1894 Suetonius
857 1829 896 1894 de
918 1830 957 1895 iis
979 1830 1079 1895 tradit
1098 1850 1163 1894 non
1185 1828 1300 1893 discre-

159 1935 238 2016 pant
260 1967 309 2008 -,
332 1949 370 1995 eo
392 1929 539 1994 effectum
563 1950 647 2008 esse,
678 1930 763 2013 quod
785 1951 825 1995 ex
846 1933 957 1997 ecdem
978 1933 1065 1997 sonte
1087 1937 1210 2014 partem
1233 1950 1301 1993 ma-

158 2034 277 2097 ximam
300 2031 489 2109 hauserunt3
514 2031 772 2117 discrepantiam,
794 2033 832 2098 de
856 2033 1016 2098 nonnullis
1039 2034 1134 2099 rebus
1149 2033 1232 2097 inter
1247 2051 1301 2096 eos

158 2135 425 2214 intercedentem,
461 2133 636 2211 exstitisse,
672 2156 770 2217 qutun
803 2141 836 2198 ct
867 2135 949 2200 alter
981 2134 1083 2200 altero
1117 2133 1301 2216 diligentius

156 2242 319 2303 auctorem
335 2255 534 2301 communem
550 2256 779 2320 nonnunquam
796 2238 1050 2322 transscripserit
1069 2242 1102 2300 et
1117 2236 1196 2300 alios
1211 2255 1301 2318 prae·

156 2345 246 2404 terea
260 2338 432 2422 scriptores
445 2336 575 2403 Tacitus
591 2338 784 2419 adhibuerit,
808 2344 840 2405 et
858 2339 958 2405 alium
976 2341 1111 2425 quisque
1132 2337 1300 2404 consilium

157 2441 192 2507 in
215 2440 382 2506 scribendo
404 2445 531 2505 secutus
552 2440 603 2505 sit.
851 2453 854 2459 '

244 2541 437 2620 Quibuscum
460 2541 563 2607 tribus
585 2541 792 2625 scriptoribus
814 2544 955 2608 maxima
976 2565 1052 2629 pars
1072 2565 1197 2624 eorum,
1219 2561 1301 2625 quae

160 2642 290 2710 Cassius
311 2642 370 2708 Dio
393 2641 507 2722 refert,
530 2644 692 2722 convenit,
721 2666 780 2710 nec
801 2652 908 2711 tamen
931 2649 991 2725 ita,
1022 2653 1058 2711 ut
1080 2667 1120 2710 ex
1142 2645 1207 2710 illis
1229 2664 1301 2707 eum

159 2765 219 2811 sua
240 2746 432 2829 excerpsisse
454 2751 588 2812 statuas.
632 2745 702 2810 Non
726 2747 829 2813 solum
851 2750 935 2814 enim
955 2749 1040 2833 apud
1058 2747 1189 2812 Dionem
1205 2765 1303 2829 quae-

161 2848 235 2913 dam
258 2846 384 2931 singula
404 2854 437 2912 et
458 2847 498 2913 ab
521 2847 580 2913 hoc
601 2847 650 2911 vel
671 2848 728 2913 illo
751 2858 996 2916 commemorata
1019 2852 1188 2935 conjuncta
1218 2854 1303 2925 sunt,
1408 2844 1410 2851 '

159 2951 214 3017 sed
236 2950 335 3016 etiam
356 2970 408 3014 res
430 2950 471 3015 ab
493 2950 557 3016 illis
579 2971 643 3016 non
668 2960 948 3034 commemoratae,
970 2959 1040 3018 arte
1062 2959 1169 3019 autem
1191 2949 1303 3017 cohae-

160 3058 276 3132 rentes,
298 3053 515 3117 inveniuntur.

246 3153 357 3235 Qualis
378 3153 457 3219 haec
479 3156 521 3220 sit
548 3157 650 3235 ratio,
683 3156 768 3222 inter
790 3156 924 3220 Dionem
946 3160 979 3221 et
1001 3156 1073 3223 illes
1095 3154 1303 3234 intercedens,

162 3258 271 3341 paucis
301 3255 454 3340 exemplis
483 3257 644 3323 illustrare
671 3257 775 3323 liceat.
820 3258 1012 3325 insolentiae
1035 3258 1199 3343 Capitonis
1221 3278 1304 3322 uuus

162 3359 223 3424 Dio
245 3358 357 3423 LXIV.
380 3366 410 3422 2.
433 3365 461 3423 3.
484 3361 677 3426 mentionem
699 3360 792 3438 facit3
823 3361 953 3426 caedem
976 3362 1211 3427 classiariorum
1237 3365 1305 3439 ,tot

161 3459 303 3525 milium“
326 3460 454 3525 Tacitus
476 3461 549 3526 bist.
572 3463 597 3527 l.
623 3468 651 3526 6.
675 3462 857 3529 brevissime
879 3467 1051 3542 memorat,
1078 3484 1158 3547 quos
1187 3462 1229 3526 ad
1255 3461 1304 3526 in·

163 3562 375 3626 ternecionem
397 3582 466 3627 esse
487 3562 609 3629 deletos
631 3564 823 3630 Plutarchus
837 3565 928 3632 Galb.
949 3570 985 3630 15
1008 3572 1130 3645 narrat,
1152 3562 1304 3629 Suetonio

163 3660 255 3729 Galb.
270 3666 330 3741 12,
352 3683 405 3729 eos
427 3664 559 3730 inmisso
580 3667 687 3749 equite
708 3667 858 3749 disjectos
880 3672 991 3751 postea
1012 3668 1108 3733 etiam
1130 3666 1305 3732 decimatos

163 3811 365 3822 --——-

236 3881 256 3949 ι)
292 3878 362 3934 onir.
380 3878 515 3948 imprimis
532 3879 568 3933 ll.
587 3878 707 3945 Peter,
726 3877 772 3932 die
790 3877 904 3945 Quellen
920 3879 993 3933 Plut.
1011 3879 1039 3933 in
1058 3879 1084 3934 d.
1103 3878 1194 3948 niogr.
1213 3879 1305 3934 (1.Βὸ-

164 3983 231 4022 mer.
249 3965 332 4020 Helle
350 3966 392 4020 65.
417 3983 444 4035 p.
463 3968 497 4021 28
515 3984 553 4035 sq.
589 3966 644 4021 Th.
664 3967 856 4036 Mommsen,
875 3967 954 4022 Corn.
972 3966 1036 4021 Tac.
1055 3986 1080 4020 u.
1099 3967 1174 4022 Cluu.
1192 3967 1256 4022 aur.
1274 3966 1304 4020 in

164 4054 280 4110 Hennes
293 4054 340 4110 IV.
357 4072 384 4124 p.
401 4054 453 4108 295
472 4069 511 4122 sq.
547 4053 581 4107 Η.
601 4053 737 4125 Nissen,
755 4056 800 4111 die
818 4055 959 4110 Historiam
977 4055 1026 4109 des
1044 4055 1151 4109 Plinius
1168 4055 1219 4110 Rh·
1233 4055 1304 4109 Mus.

165 4141 185 4198 i.
203 4141 276 4198 Phil.
294 4143 350 4197 NF.
369 4145 411 4197 26.
430 4160 458 4212 p.
476 4144 528 4196 497
547 4158 587 4211 sq.
