2926 4776
709 228 750 289 32

158 427 234 473 voce
256 412 364 473 autem
388 408 534 487 Domitii,
558 408 694 475 Neronia
715 412 831 494 patris,
859 410 900 477 ad
923 411 1053 477 verbum
1077 411 1136 476 Dio
1158 416 1191 475 at
1212 412 1299 477 Suet.

126 562 132 583 ,
158 511 378 589 consentiunt3
413 512 507 577 etad
531 533 656 577 scnaum
680 513 808 596 quidem
832 514 901 593 Dio,
925 514 1054 579 Tacitus
1074 519 1109 579 et
1129 511 1299 577 Suetonius

158 610 331 676 hocloco:

201 729 261 796 Dio
284 731 367 796 LXI.
392 736 420 796 2.
444 737 474 796 4.
615 732 767 798 Tac.X1.
795 739 843 798 ll.
923 747 927 841 γ
1021 733 1108 799 Suet.
1131 732 1169 798 N.
1192 736 1222 797 6.

159 827 333 917 προϊόντος
376 831 412 897 δὲ
455 837 516 897 τοῦ
552 833 822 919 vulgabaturque,
851 837 906 898 ad·
944 834 1200 919 -deprenaiain
1217 834 1299 898 lecto

156 929 270 1019 χρόνον
281 930 436 1021 λεβηρίς
451 958 515 999 πε·
550 936 650 1013 suinae
664 936 823 1017 infantiae
840 939 909 1019 cy'rcr
943 938 1013 1018 ejus
1033 937 1150 1001 circum
1166 935 1300 1000 cernica-

158 1034 195 1124 ρὶ
210 1035 275 1103 τὸν
290 1029 430 1118 αὐχένα
445 1040 514 1101 τοῦ
551 1038 700 1102 dracones
720 1039 754 1103 in
783 1042 907 1105 modum
943 1038 987 1100 tia
1029 1040 1181 1120 serpentia
1222 1061 1299 1103 ecu-

158 1137 333 1223 Νέρωνος
348 1135 512 1204 παιδίου
532 1164 534 1179 ¹
551 1141 721 1205 custodum.
943 1138 1011 1203 viia.
1035 1172 1077 1189 -

158 1236 207 1304 ἔτ’
221 1233 331 1318 ὄντος
345 1236 514 1325 εὑρεθεῖ-

158 1364 221 1421 σα,
252 1340 423 1428 παρέδωκε
443 1346 514 1420 τοῖς
924 1348 927 1507 γ

157 1439 293 1525 μάντεσι
314 1441 434 1528 λέγειν,
461 1439 511 1509 ὅτι

158 1538 249 1626 roxa
270 1540 335 1612 ma.
922 1510 927 1594 t

242 1656 402 1739 Prodigia,
424 1676 507 1739 quae
522 1661 598 1721 ante
618 1677 724 1721 necem
743 1656 937 1742 Agrippinae
959 1662 991 1722 et
1013 1661 1086 1741 post
1108 1676 1177 1720 eum
1201 1656 1298 1721 inter-

158 1778 288 1839 cessere,
311 1779 366 1823 aex
388 1778 409 1823 a
431 1757 541 1822 Tacito
565 1758 650 1825 xlv.
677 1763 723 1825 10.
749 1765 787 1827 12
810 1757 998 1838 afferuntur,
1022 1758 1122 1824 Dione
1144 1759 1226 1825 LXI.
1248 1764 1295 1824 14.

157 1868 188 1925 4.
221 1864 269 1924 16.
292 1865 312 1924 4
334 1861 475 1943 quinque
497 1865 666 1938 narrante,
698 1881 716 1924 e
746 1861 861 1945 quibus
891 1861 967 1928 bina
994 1861 1036 1927 ad
1065 1861 1149 1927 idem
1178 1861 1298 1927 factum

158 1968 312 2047 spectant,
335 1961 437 2026 cnic:

393 2071 461 2138 Dia.
997 2072 1070 2138 Tac.

156 2167 510 2261 καὶμεθῆμὲρανὺπό
527 2169 693 2259 σαλπίγ-
765 2180 798 2238 et
818 2180 921 2254 erant,
944 2177 998 2259 qui
1020 2175 1194 2252 crederent,
1216 2176 1299 2239 coni-

157 2300 230 2362 γων
257 2271 439 2363 δήτινων
469 2271 694 2358 πολεμικόν
765 2287 829 2340 tum
853 2277 943 2341 tubae
964 2278 1091 2341 collibus
1106 2278 1298 2343 cr'rcumedi-

157 2401 195 2445 τι
223 2376 289 2443 καὶ
318 2378 543 2464 θορυβῶδες
572 2376 607 2442 ἐκ
636 2382 694 2442 τοῦ
766 2381 805 2443 tir
822 2379 1028 2465 planctusque
1050 2380 1167 2445 tumulo
1190 2381 1301 2445 matris

156 2476 290 2567 χωρίου,
316 2477 350 2545 ἐν
372 2468 398 2564 ᾧ
419 2476 460 2545 τὰ
482 2482 540 2567 τῆς
553 2472 693 2565 Ἀγριπ-
764 2481 881 2547 audiri.

158 2579 257 2671 πίνης
284 2578 368 2649 ὀστᾶ
393 2578 517 2662 ἔκειτο,
549 2576 695 2670 ἡκουσῶν

159 2682 379 2768 ἐδειματοῦτο.

468 2796 535 2862 Dio.
1060 2799 1133 2863 Tac.

158 2892 177 2962 ὁ
199 2896 336 2979 μέντοι
360 2893 476 2984 ἥλιος
498 2895 652 2980 σύμπας
674 2896 708 2962 ἐν
729 2898 846 2980 μέσαις
885 2898 961 2979 jam
984 2898 1032 2962 ιοί
1050 2910 1174 2983 repente
1196 2902 1301 2966 chacu-

158 3004 232 3079 ταῖς
246 2997 382 3078 θυσίαις
403 2998 462 3065 ἐπὶ
483 3003 523 3088 τῇ
539 2991 740 3086 Ἀγριππίνῃ
763 2996 846 3063 κατὰ
892 3008 993 3065 ratur.

158 3100 197 3167 τὸ
215 3098 375 3191 ψήφισμα
389 3100 576 3189 γενομέναις
598 3097 788 3183 ἕξσλιπον.
803 3143 845 3153 -
866 3066 870 3184 ί

244 3241 354 3325 Neque
377 3240 464 3319 haec,
486 3261 589 3323 neque
611 3241 720 3306 omina
738 3244 814 3304 ante
830 3239 952 3303 cladem
969 3238 1187 3304 Britannicam
1205 3240 1301 3319 sacta,

160 3341 333 3409 Suetonius
355 3341 466 3421 habct,
489 3361 507 3409 e
529 3341 644 3425 quibua
666 3340 745 3407 haec
766 3340 876 3424 aliqua
899 3360 938 3404 ex
959 3347 1051 3423 parte
1073 3361 1145 3407 cum
1166 3342 1302 3407 nonnul-

160 3444 200 3511 lis
221 3465 241 3509 a
263 3443 374 3510 Tacito
396 3445 506 3510 relatis
527 3442 746 3523 consentiunt,
769 3462 826 3507 nec
848 3447 956 3508 tamen
980 3444 1041 3523 ita,
1063 3448 1100 3509 ut
1120 3463 1159 3509 ex
1181 3465 1219 3509 eo
1243 3446 1302 3509 Dio

159 3546 301 3613 hausisse
325 3547 444 3630 poenit:

393 3659 463 3724 Dio.
729 3690 732 3745 ;
907 3658 980 3724 Tac.
1005 3657 1089 3723 XIV.
1112 3663 1163 3724 32.

159 3755 200 3825 ἔκ
222 3783 265 3826 τε
293 3758 362 3846 γὰρ
383 3764 454 3826 τοῦ
475 3760 696 3845 βουλευτη-
729 3774 733 3849 ζ
767 3771 965 3844 externosque
994 3760 1150 3842 fremitus
1188 3764 1222 3824 in
1249 3783 1303 3824 ου-

159 3858 244 3947 ρίου
273 3866 397 3949 θροῦς
428 3861 566 3941 νυκτὸς
599 3866 696 3946 βαρ·
729 3862 733 3915 f
766 3865 817 3928 ria
840 3886 945 3928 eornm
973 3865 1118 3938 anditum
1154 3884 1301 3926 concona-

159 3961 323 4047 βαρικός
354 3963 437 4048 μετὰ
469 3965 609 4050 γέλωτος
641 3961 696 4028 καὶ
730 3964 1016 4031 insectarentur
1039 3963 1206 4037 theatrum,

159 4061 201 4128 ἐκ
230 4062 487 4151 τοῦθοοίτρου
524 4064 697 4153 θόρυβος
729 4052 732 4123 ί

158 4160 227 4247 μετ’
249 4160 391 4254 οἰμωγῆς
417 4162 601 4255 ιξιγκούετο,
632 4126 733 4257 μορ-ί
