2926 4776
709 233 752 303 4'0

296 428 353 489 Dio
376 426 491 491 LVIII.
518 431 565 491 13.
729 429 733 495 l
925 426 998 489 Tac.
1023 423 1077 489 VI.
1101 426 1151 487 23.

160 532 207 613 τῷ
234 526 270 592 δὲ
299 523 474 612 Μάκρωνι,
512 524 561 606 δίς
590 530 697 606 τινές
767 531 923 592 tradidere
958 528 1106 612 quidam,
1149 524 1308 607 praeseri·

160 652 298 715 φασιν,
338 626 518 695 ἐνετείλατο
544 627 638 709 ὅπως
659 627 698 696 άν
766 637 855 714 plum
879 633 973 695 fuisse
990 629 1140 705 Macroni,
1163 627 1189 690 si
1212 646 1308 690 arma

160 757 192 797 τι
225 729 439 819 παρακινήσῃ,
469 729 526 796 τδν
548 736 698 818 Δροῦσον
766 734 923 814 aSejano
947 738 1164 805 tentarentur,
1195 733 1307 793 extra·

160 830 195 911 ές
215 858 251 898 τε
272 831 331 919 τὴν
352 829 471 920 βουλὴν
499 831 555 898 καί
583 832 616 911 ἐς
641 832 697 900 τὸν
766 841 851 900 ctum
873 835 1017 899 custodia
1042 833 1192 915 juvenem
1215 837 1306 909 (nam

160 938 262 1017 δῆμον
288 931 429 1022 ἕσαγάμῃ
458 933 513 1000 καὶ
540 934 698 1023 αδτσκρά-
766 939 797 1001 in
819 935 938 1022 palatio
956 935 1173 1013 adtinebatur)
1190 933 1307 997 ducem

159 1061 240 1123 τορα
260 1033 420 1126 ἀποδείξῃ
442 1087 475 1104 ..
766 1040 883 1126 populo
904 1039 1075 1121 imponere.

294 1158 354 1222 Dio
377 1158 493 1224 LVIII.
516 1163 567 1223 25.
933 1158 1006 1222 Tac.
1031 1160 1068 1223 V.
1095 1163 1142 1221 10.

160 1255 214 1322 καί
237 1254 297 1343 γὰρ
319 1253 337 1343 ἡ
362 1257 564 1339 Μακεδονία,
587 1257 636 1339 τίς
658 1261 698 1327 δέ
767 1263 820 1340 (Ia,
840 1262 1045 1327 Macedoniae
1061 1267 1138 1325 lunc
1152 1259 1307 1336 intentus,

159 1360 264 1438 τινές
297 1382 414 1446 φασι,
456 1360 511 1426 καί
541 1357 561 1450 ἡ
586 1357 698 1444 Ἀχαΐα
769 1363 921 1445 Achajam
944 1385 1070 1448 quoque
1092 1361 1250 1440 curabat.)

159 1457 322 1548 ἀκληρωτὶ
343 1459 620 1548 προσετάσσοντυ.

245 1599 304 1662 Dio
329 1598 408 1663 LIII.
436 1603 464 1663 2.

160 1700 259 1767 πέντε
280 1705 356 1784 γοῦν
376 1697 535 1785 μυριάδας
557 1697 721 1787 μυριάδων
742 1698 798 1766 καὶ
812 1698 1032 1779 πεντακοσίας
1046 1698 1101 1765 καί
1115 1697 1309 1781 ἑπτακισχι-

159 1799 247 1884 λίας,
279 1798 329 1880 ag
351 1804 392 1869 δέ
413 1801 558 1890 ἕτεροι,
584 1799 669 1868 ὀκτώ
691 1827 727 1868 τε
749 1802 804 1868 καί
826 1799 987 1886 δισχιλίας
1011 1801 1065 1868 καὶ
1087 1797 1309 1881 πεντακοσίας

159 1901 223 1970 κτέ.
255 1929 302 1989 cp.
326 1912 372 1970 12.
389 1902 444 1968 καί
460 1902 741 1988 παραπετάσμασι
766 1911 920 1992 σηρικαῖς,
946 1902 997 1982 δίς
1019 1905 1060 1990 ya'
1080 1904 1186 1983 τινές
1207 1927 1309 1991 φασι

157 2003 364 2092 χρησάμενος.
412 2028 460 2089 cp.
485 2011 535 2070 22.
559 2001 663 2071 εἴκοσι
685 2003 761 2090 γάρ,
796 2003 847 2085 ιῦς
869 2006 911 2073 δέ
932 2007 1041 2085 τινές
1061 2030 1177 2095 φασι,
1205 2004 1309 2073 πέντε

158 2105 213 2172 καί
235 2102 340 2173 εἲκσσι
361 2103 520 2193 μυριάδας
541 2114 749 2194 στρατιωτῶν
770 2103 919 2196 ἤθροισε.

308 2250 367 2315 Dio
389 2249 473 2314 LIX.
496 2253 546 2313 24.
909 2251 995 2316 Suet.
1022 2251 1089 2332 Caj.
1118 2255 1164 2314 l'l.

157 2347 355 2436 συνάρχοντα
371 2347 439 2436 γάρ,
462 2345 533 2415 σίίτι
549 2347 694 2416 καίέπι-
765 2354 896 2416 tertium
927 2351 1126 2417 consulatum
1157 2352 1309 2435 Lugduni

158 2451 328 2540 τηδείσας,
364 2449 509 2537 ὥςπερ
533 2446 695 2516 οἴονταί
765 2453 837 2518 iniit
870 2453 974 2531 solue,
1014 2477 1074 2518 νισο
1112 2464 1146 2518 ul
1176 2453 1307 2539 quidam

157 2580 276 2636 τινες,
310 2549 394 2619 άλλά
421 2553 563 2637 τοῦμὲν
592 2576 695 2639 προα-
766 2555 947 2638 opinantur,
974 2557 1122 2639 superbia
1146 2556 1308 2640 negligen-

159 2657 409 2740 ποδεδειγμένυυ
435 2651 695 2742 τελευτήσαντος,
766 2658 859 2734 liare,
873 2658 928 2722 sed
944 2659 1029 2742 quod
1046 2658 1230 2722 defunctum
1247 2659 1306 2724 sub

158 2753 268 2843 ἑτέρου
297 2758 333 2825 δὲ
358 2755 495 2846 μηδενὸς
518 2797 555 2809 -
580 2753 696 2824 οὐδένα
767 2760 833 2825 Cal.
870 2760 954 2824 diem
987 2759 1139 2843 collegam
1174 2761 1308 2826 rescisse

158 2857 239 2942 ἔσχε.
769 2862 884 2926 absens
906 2884 970 2925 non
996 2868 1131 2944 poterat.

158 3011 205 3072 cp.
231 2996 279 3053 25.
303 2985 436 3076 σιδήρια
458 2986 519 3076 γάρ
540 2986 640 3076 μικρά
655 2981 738 3055 άττα
753 2985 874 3070 αὐτοῖς,
899 2984 950 3067 ὥς
970 2986 1071 3077 φασί
1092 3014 1209 3070 τινες,
1232 2985 1307 3057 άνε-

157 3090 296 3173 μέμικτο
320 3093 522 3177 (largitioni).

345 3250 440 3334 [LXI.
468 3254 515 3311 ll.
907 3248 993 3312 Suet.
1016 3249 1089 3313 Ner.
1113 3253 1163 3313 28.

158 3341 179 3414 a*
196 3349 236 3415 δέ
253 3350 273 3415 δ
280 3346 297 3436 'l
315 3348 415 3433 πρὸς
430 3345 588 3414 πάντων
603 3343 696 3431 αλμο-
767 3373 905 3412 -νισνοσ
921 3349 1082 3424 (rulitante,
1102 3350 1206 3434 αίίροε
1221 3357 1307 3434 posi-

159 3447 326 3537 λόγηται
351 3450 468 3535 λέγω,
492 3447 545 3516 ὅτι
567 3445 698 3533 ἑταίραν
768 3473 864 3536 quam
881 3452 1089 3528 meretricem,
1106 3474 1201 3536 quam
1220 3454 1307 3518 fama

158 3551 231 3618 τινὰ
253 3559 293 3640 τῇ
314 3547 517 3639 Ἀγριππίνῃ
539 3547 697 3634 δμοίανὸ
768 3560 839 3619 erat
872 3553 1064 3637 Agrippinae
1101 3554 1305 3636 simillimam,

159 3654 274 3739 Νέρων
295 3648 336 3719 δι’
365 3650 443 3719 αὐτὸ
471 3659 567 3718 τοῦτο
596 3653 630 3732 ἐς
657 3653 705 3720 τὰ·
768 3657 851 3719 inter
872 3656 1064 3720 concubinas
1086 3658 1214 3739 recepit.

158 3753 304 3838 μάλιστα
333 3749 498 3842 ἠγάπησε,
535 3753 591 3822 καὶ
618 3752 700 3843 αὐτῇ

159 3881 197 3922 τε
219 3853 323 3945 ἐκείνῃ
345 3853 408 3923 κτὲ.

406 3983 453 4042 12.
918 3980 991 4043 Tac.
1014 3980 1099 4046 xlv.
1123 3986 1153 4044 7.

160 4075 216 4141 καὶ
237 4072 334 4142 αὐτὸν
356 4076 411 4142 καί
434 4073 452 4144 δ
477 4080 628 4158 Σενέκας,
650 4074 700 4157 ὡς
771 4082 864 4166 [quos
892 4082 1060 4165 (Senecam
1089 4087 1122 4146 et
1152 4082 1304 4163 Burrum)

160 4178 333 4258 πολλοῖς
354 4177 421 4245 καί
442 4174 698 4263 άξιυπίστσις
770 4185 877 4248 statim
902 4185 1067 4262 acciverat,
1091 4183 1242 4247 incertum
1264 4205 1305 4248 an
