2926 4776
157 378 223 441 λοῦ
231 399 317 453 ντες
341 369 481 461 σφίσιν
501 368 567 438 eei.
591 374 663 440 Tse.
682 375 739 440 111.
758 379 797 438 22
813 376 922 441 eudem
940 382 1078 460 utreque
1099 377 1167 442 acie
1189 396 1296 442 erma:

156 478 272 543 crebris
295 475 587 559 interventionibus
610 484 720 542 notum
743 498 869 561 pugnae
891 479 1016 560 signum
1038 486 1124 559 ete).

241 597 391 663 Mulieres
412 616 451 660 ex
474 595 591 679 oppido
613 595 698 661 cibos
721 596 902 662 Vitellianis
923 597 1131 663 adtulerunt:

334 708 394 773 Dio
418 711 466 771 13.
492 711 521 771 3.

156 805 346 877 inivensi
368 802 479 874 σιτία
506 805 571 873 καὶ
591 807 694 873 ττοτὰ

158 912 243 978 αἵτε
266 915 445 997 γυναῖκες
466 909 508 976 ἐκ
530 915 596 997 τῆς
618 906 694 974 πό-

157 1016 255 1093 λεως
275 1016 361 1092 τοῖς
375 1014 445 1079 τοῦ
463 1005 564 1078 Ου’·ϊτ.
581 1034 693 1097 στρα-

156 1112 321 1194 τιώταις
344 1152 381 1166 -
405 1111 565 1182 ἔδωκαν.

915 707 989 772 Tse.
1013 709 1070 774 111.
1095 711 1144 772 32.

762 846 802 858 -
826 817 856 872 et
879 810 1018 892 praebiti
1043 809 1077 875 in
1105 808 1172 873 asie
1202 806 1299 871 Vilel-

761 910 856 975 lianis
886 912 947 975 eibi
959 941 969 975 .-
1003 933 1113 978 ceesus
1140 910 1298 996 quaedum

762 1014 927 1093 mulieres,
960 1014 1065 1079 studio
1094 1015 1234 1097 partium
1256 1011 1299 1076 sd

763 1117 918 1201 praelium
940 1135 1135 1201 progressae.

241 1230 411 1295 Praeterea
432 1228 510 1294 enlr.
539 1227 664 1293 lacinus
691 1228 892 1314 praeclarum
921 1229 1057 1294 duorum
1086 1229 1213 1294 illorum
1240 1227 1298 1293 Ve-

157 1333 378 1416 spasianorum
390 1352 397 1396 :

333 1449 393 1515 Dlo
419 1454 466 1514 lel.
494 1454 518 1513 l.

157 1547 241 1618 ἔνθα
271 1547 309 1637 δὴ
337 1549 393 1616 καὶ
419 1549 545 1619 τοιόνδε
570 1575 604 1616 τι
626 1546 694 1615 δύο

157 1647 294 1738 ἄνδρες
322 1657 399 1716 τῶν
429 1647 625 1719 Ουἐσττασ.
654 1649 694 1719 ἔ-

159 1756 319 1840 πραξαν.
344 1751 483 1842 ἐπειδὴ
498 1753 565 1842 γὰρ
588 1750 695 1837 ίσχυ-

158 1860 234 1941 ρῶς
261 1854 301 1924 ἐκ
330 1853 607 1945 μηχανήματός
634 1882 695 1923 τι-

913 1449 986 1514 Tac.
1008 1448 1065 1513 Ill.
1091 1452 1140 1514 23.

762 1551 985 1633 Maquitudine
1006 1549 1122 1614 eximia
1150 1590 1189 1600 -
1219 1549 1299 1616 buli-

761 1662 827 1731 sla,
857 1653 1031 1738 ίινρικίίίατ
1051 1653 1137 1718 σακία
1158 1653 1297 1719 hostilem

761 1755 858 1820 eciem
878 1756 1059 1840 proruebat.
1092 1755 1212 1840 lateque
1234 1756 1299 1820 elu-

762 1858 831 1923 dem
853 1857 1040 1930 intulissent,
1064 1856 1100 1921 ni
1113 1860 1174 1922 duo
1186 1859 1299 1923 milites

158 1981 225 2038 νος
257 1954 531 2043 ἐβλάπτοντο,
572 1956 694 2026 α’σττί-
757 1961 959 2045 praeclarum
986 1960 1116 2040 sueinus·
1143 1961 1216 2025 ausi
1240 1961 1299 2024 ad-

158 2060 229 2138 δας
261 2085 302 2126 τε
335 2058 375 2128 ἐκ
407 2066 482 2126 τῶν
513 2055 693 2127 Οὐϊτελλ.

159 2160 308 2228 σκύλων
323 2159 509 2250 ἥρπασαν,
530 2160 596 2228 καί.
610 2168 695 2243 τοῖς

157 2258 523 2352 οίντικαθτστηκόσι
538 2267 693 2349 μιχθέν-

159 2390 222 2446 τος
244 2364 395 2435 ἔλαθον
415 2367 528 2451 μέχρι
550 2372 694 2456 τῆςμη-

157 2474 279 2556 χανῆς
315 2463 508 2547 ἐλθόντες
545 2465 593 2548 ὡς
628 2470 694 2535 καί

159 2569 315 2640 ἐκείνων
330 2563 440 2650 ὄντες
454 2568 517 2635 καί
531 2569 576 2637 τὰ
592 2569 695 2653 σχοί·

160 2699 224 2742 νια
239 2667 358 2761 avitiis
373 2670 577 2759 διέκοψαν,
596 2668 696 2739 ὥστε

158 2775 282 2865 μηδὲν
325 2771 388 2843 ἔτι
424 2775 542 2859 βέλος
578 2770 695 2863 αὐτῆς

158 2875 324 2967 ἀφεῖναι
346 2878 582 2964 δυνηθῆναι.

761 2063 856 2146 replis
879 2086 895 2126 e
917 2071 1020 2145 straus
1041 2061 1136 2126 scutis
1163 2062 1300 2146 iynorati

761 2165 862 2230 m'ncla
890 2189 928 2228 ue
953 2164 1140 2227 libramenta
1165 2172 1299 2229 tormen·

761 2278 861 2332 torum
884 2265 1092 2331 abscidissem.

242 3009 402 3075 Salutatio
423 3008 481 3073 illa
503 3009 635 3093 legionis
658 3008 816 3091 Syriaeue,
840 3031 860 3073 a
884 3008 984 3074 Dione
1006 3012 1187 3077 accuratius
1209 3019 1299 3077 notu-

158 3116 226 3192 tue,
249 3113 292 3178 ad
314 3112 480 3178 victoriam
505 3111 771 3195 Vespasianorum
796 3120 990 3178 momentum
1013 3112 1121 3192 affert,
1144 3114 1241 3178 culn:

331 3220 391 3287 Dio
418 3228 464 3286 m.
489 3225 517 3285 3.

158 3317 570 3401 υίναττίλαντοςδὲτοῦ
583 3317 693 3410 ἡλίου

159 3422 225 3489 καί
260 3430 335 3490 τῶν
370 3428 621 3508 στρατιωτῶν
653 3423 693 3490 ἐκ

158 3531 227 3592 τοῦ
255 3523 393 3612 τρίτου
415 3525 694 3612 στρατοπέδου

158 3634 218 3695 τοῦ
229 3629 415 3695 Γαλατικοῦ
427 3630 626 3712 καλουμένου
640 3627 695 3694 καί

159 3730 193 3798 ἐν
207 3725 310 3819 Συρίᾳ
322 3726 539 3814 χειμάζοντας,
562 3728 637 3796 τότε
659 3731 696 3797 δὲ

158 3831 241 3899 κατὰ
262 3830 358 3919 τύχην
381 3830 415 3898 ἐν
434 3837 476 3920 τῇ
493 3838 552 3897 τοῦ
570 3829 693 3901 Οίεσττ.

157 3931 266 4018 μερίδι
285 3927 385 4015 tutes,
406 3931 695 4017 α’σττασαμὲνου

159 4031 278 4102 αίτὸν
322 4032 519 4125 ἐξαίφνης
561 4033 694 4123 ὥσπερ

158 4131 369 4220 εἰώθεσαν,
406 4135 692 4226 ὑποτοπήσαν-

892 3223 965 3288 Τοο.
990 3224 1029 3288 ΙΙ.
1054 3230 1102 3288 24.
1129 3229 1178 3288 25.

765 3363 800 3373 -
828 3333 858 3388 et
879 3327 1026 3390 orientem
1056 3327 1149 3390 solem
1180 3327 1239 3404 (ila
1266 3328 1297 3392 in

763 3427 855 3512 Syria
877 3450 944 3492 mos
967 3429 1029 3512 est)
1059 3429 1187 3491 tertiani
1214 3430 1300 3492 salu-

764 3538 875 3593 tavere.
912 3529 1019 3613 Vsque
1034 3530 1107 3593 inde
1123 3567 1162 3578 -
1179 3552 1297 3606 rumor,

763 3631 1129 3706 αιίοσκίττιΜααῗσααικ,
1149 3631 1300 3696 exercilus

763 3732 892 3797 inuicem
915 3734 1068 3798 salutasse
1088 3739 1147 3799 ele.
