2926 4776
714 238 754 298 45

248 419 336 497 Quae
357 418 485 501 quidem
507 418 601 503 plane
623 441 694 483 eum
717 421 756 483 iis
778 420 995 496 consentiunt,
1030 439 1114 502 quae
1135 440 1193 501 ego
1216 419 1304 483 inve-

162 541 288 600 neram,
311 521 406 584 etad
429 520 508 586 hoec
530 521 696 604 probanda
718 522 863 587 conseras
882 522 926 586 sis
949 521 1007 586 hos
1029 541 1148 604 paucos
1171 520 1277 585 locos:

270 630 328 693 Dio
351 630 467 697 LXIII.
492 634 541 694 21.
565 634 595 696 2.
955 631 1041 696 Suet.
1066 635 1116 695 21.

161 729 343 818 Λάρκιος
384 730 425 797 δέ
466 755 528 811 τις
562 731 702 811 Λυδὸς
766 731 1061 809 dubitavitetiam,
1089 754 1130 797 an
1155 755 1304 816 -,quo·

163 833 355 923 προσῆλθεν
390 828 478 919 αὐτῷ
513 833 613 900 πέντε
645 833 701 899 καὶ
765 835 839 897 mm
862 841 1009 918 praetore
1038 836 1220 900 sestertium
1249 835 1304 900 de·

162 933 268 1004 εἴκοσι
309 933 467 1025 μυριάδας
509 934 702 1023 προςφέρωκ
765 937 829 1002 cies
850 936 1014 1002 offerente.

162 1041 216 1106 ἵνα
230 1037 441 1128 κιθαρῳδήσῃ
455 1035 511 1104 καὶ
525 1028 563 1118 ὃς
583 1037 643 1121 μὲν
663 1033 702 1103 τὸ

163 1139 312 1231 ἀργύριον
333 1138 392 1222 οὐκ
412 1137 527 1225 ἐλαβεν
548 1136 615 1204 xvi.

277 1264 335 1327 Dio
359 1263 458 1326 LXII.
484 1267 532 1327 13.
555 1269 583 1328 4.
903 1259 977 1326 Tau.
999 1259 1085 1325 XIV.
1110 1263 1160 1323 66.

165 1409 204 1418 -
223 1360 322 1450 μόνη
343 1357 363 1450 ἦ
384 1359 549 1442 Πυθιὰς
571 1358 646 1429 oiira
667 1387 701 1428 τι
766 1357 803 1408 -·’
827 1361 995 1446 exquibus
1016 1384 1081 1425 αιια
1103 1362 1237 1427 instanti
1251 1361 1303 1426 Ti-

162 1461 409 1534 uueeurcev'oaw
444 1461 545 1552 αὐτῆς
575 1503 616 1513 -
644 1460 701 1530 καὶ
762 1462 895 1545 gellino,
929 1467 1067 1529 castiora
1096 1484 1164 1527 esse
1192 1464 1304 1528 mulie-

161 1568 256 1647 τέλος
269 1563 314 1646 ὥς
328 1563 347 1633 ὁ
360 1567 544 1652 Τιγελλῖνος
561 1565 700 1633 ἐνέκειτο
762 1563 833 1628 brie
842 1564 1002 1645 Octaviae,
1014 1566 1188 1648 respondit,
1204 1585 1301 1649 quem

163 1666 260 1758 αὐτῇ,
298 1669 510 1756 προσέπτυσε
543 1692 581 1734 τε
614 1662 702 1754 αὐτῷ
762 1685 798 1729 os
820 1666 901 1749 ejus.

163 1771 219 1839 καὶ
253 1765 352 1838 εἶπε·
389 1766 634 1857 καθαρώτεροι,
674 1761 701 1833 ὦ

167 1875 340 1962 Τιγελλῖκε,
369 1871 408 1939 τὸ
436 1869 563 1938 αἰδοῖου
584 1867 603 1958 ἦ
626 1870 701 1939 δέσ-

162 2001 264 2043 ποινα
291 1981 357 2060 pori
376 1980 435 2042 τοῦ
457 1978 517 2040 σοῦ
537 1971 701 2058 στόματος

162 2076 236 2162 ἔχει.
1187 2123 1191 2129 -

342 2198 402 2263 Dio
428 2203 475 2263 17.
498 2201 528 2262 3.
903 2193 977 2260 Tac.
999 2195 1085 2260 XIV.
1112 2201 1162 2260 14.

160 2336 202 2369 -ε
232 2297 288 2363 καὶ
322 2291 436 2385 ἄνδρες
466 2294 522 2363 καὶ
554 2301 701 2382 γυναῖκες
762 2332 804 2344 -
826 2296 980 2361 nobilium
1016 2296 1210 2363 familiarum
1244 2320 1300 2384 po·

162 2393 220 2481 οὐχ
246 2397 339 2477 ὅπως
359 2404 418 2467 τοῦ
444 2396 588 2466 ἱππικοί
615 2393 699 2466 dita
762 2403 874 2474 steros,
889 2403 1030 2481 egestate
1042 2400 1178 2480 venales,
1190 2402 1222 2465 in
1236 2423 1301 2489 sce-

161 2497 217 2566 καὶ
245 2504 303 2565 τοῦ
328 2502 536 2585 βουλευτικοῦ
557 2495 700 2583 deiope—
762 2519 836 2564 nam
860 2498 1008 2579 deduxit;
1037 2523 1117 2585 qnos
1139 2503 1207 2568 fato
1229 2524 1300 2589 per·

160 2625 217 2680 τος
245 2597 280 2681 ἔς
310 2599 368 2691 τὴν
389 2599 568 2692 ὀρχήστραν
588 2598 644 2667 καὶ
666 2600 700 2680 ἐς
762 2602 897 2681 functos,
913 2622 952 2664 ne
966 2602 1150 2666 nominatim
1164 2606 1300 2682 tradam,

160 2703 217 2771 τὸν
239 2743 281 2754 -
305 2703 449 2793 ἐσῆλθον
471 2743 511 2754 -
534 2702 591 2770 καὶ
610 2696 699 2770 εἶδον
763 2705 938 2787 majoribus
963 2727 1072 2772 eorum
1095 2707 1300 2773 tribuendum

162 2801 194 2871 oi
208 2799 383 2892 ἅνθρωποι
397 2804 443 2872 τὰ
462 2807 551 2895 γένη
572 2803 620 2872 τὰ
637 2829 699 2889 με·
763 2813 849 2891 puto.

160 2903 268 2991 γάλα,
284 2905 352 2973 τοῦ
361 2933 379 2987 ς
393 2905 591 2995 Φουρίους
605 2905 698 2988 τοὺς

163 3004 355 3092 Φαβίους,
384 3008 477 3090 τοὺς
497 3007 697 3097 Πορκίους

159 3106 252 3188 τοὺς
276 3104 516 3199 Ουάλεριόυς
537 3107 604 3180 aei.

244 3285 364 3349 Contra
387 3283 589 3348 Christeneen
613 3289 721 3348 eutem
744 3282 901 3349 dicentem
923 3307 954 3370 p.
979 3291 1037 3366 73,
1072 3285 1204 3351 Dionem
1226 3307 1298 3350 oum

158 3387 309 3453 Suetonio
330 3407 483 3470 persaepe
505 3385 653 3450 habuisse
675 3385 793 3451 fontem
825 3407 1041 3469 communem,
1070 3390 1125 3471 qui
1147 3409 1167 3452 a
1189 3388 1300 3453 Tacito

159 3510 221 3553 non
245 3488 408 3553 adhibitus
431 3488 488 3562 sit,
525 3507 652 3551 monere
674 3488 785 3567 velim,
822 3490 906 3571 quod
926 3490 994 3573 jam
1019 3511 1116 3574 supra
1137 3490 1298 3566 adnotavi,

158 3611 271 3655 causes
294 3609 428 3653 menon
455 3585 578 3666 videre,
607 3610 664 3653 cur
685 3591 863 3670 putendum
894 3591 951 3668 sit,
981 3590 1138 3669 resilias,
1161 3611 1298 3674 quarum

160 3692 219 3755 Dio
242 3699 275 3756 et
296 3691 467 3756 Suetonius
489 3690 548 3754 soli
570 3692 762 3755 mentionem
785 3691 920 3766 faciant,
957 3713 996 3757 ex
1028 3691 1091 3759 alio
1121 3693 1209 3757 fonte
1240 3693 1298 3758 flu-

158 3794 251 3870 xisse,
275 3813 371 3875 quam
393 3813 440 3871 ea,
463 3814 546 3878 quae
559 3793 628 3871 Dio,
648 3792 777 3866 Tacitus
799 3801 832 3859 et
847 3792 1018 3859 Suetonius
1038 3815 1220 3859 communes
1242 3794 1298 3859 ha·

158 3894 244 3959 bent.

243 4056 276 4122 Si
298 4055 396 4139 igitur
416 4057 528 4139 paucis
556 4057 871 4142 comprehendimus,
908 4080 990 4143 quae
1020 4061 1080 4124 hac
1110 4061 1298 4142 quaestione

156 4161 312 4225 invenisse
334 4158 426 4223 nobis
447 4159 600 4240 ridemur,
621 4162 700 4227 haec
721 4161 788 4227 fere
809 4162 944 4226 dicenda
966 4168 1062 4226 suut:
