2926 4776
738 244 778 305 24

271 427 393 507 Quibus
415 425 569 492 absolutis
591 430 624 491 et
646 427 730 490 vitae
747 425 866 491 Vitellii
888 424 1049 489 luxuriose
1071 423 1199 488 interim
1220 427 1330 506 gestae

185 532 345 596 mentione
369 529 456 594 lacta
477 527 552 607 (Dio
577 531 625 591 10.
644 532 670 591 1.
693 527 765 592 Tac.
789 528 830 592 ll.
855 534 910 611 87)
935 526 1080 591 Alienum
1104 524 1275 590 Caecinam
1296 530 1331 589 et
1376 614 1380 619 Ι

184 632 354 698 Valentem
376 632 417 695 ad
439 629 556 695 bellum
579 631 772 713 praemissos
793 650 872 708 esse,
894 634 1028 692 narrant
1050 627 1138 708 (Tac.
1163 628 1203 691 ll.
1229 630 1293 709 99).
1372 620 1376 625 ’

271 732 316 797 lle
334 733 512 798 delectione
528 730 683 796 Caecinae
699 733 858 815 quomodo
876 730 935 796 Dio
954 730 1156 815 judicaverit,
1178 730 1329 795 omissum

184 855 248 899 non
271 834 451 899 laciendum
473 838 531 897 est.
577 833 638 912 Qui
660 834 715 899 ubi
738 834 839 911 videt,
862 834 981 899 milites
1003 854 1076 899 suos
1098 838 1229 917 propter
1251 831 1331 896 deli·

184 937 250 1001 cias
280 936 368 1001 urbis
401 935 571 1001 dissolutos
603 936 765 1018 nimioque
798 935 863 999 otio
892 934 1092 1000 effeminatos
1124 956 1192 1000 esse
1218 933 1329 1012 factos,

185 1038 397 1121 Vespasianus
419 1042 528 1102 autern
551 1058 618 1102 esse
641 1037 828 1122 corporibus
849 1038 1032 1103 exercitatis
1054 1038 1241 1119 magnisque
1262 1036 1330 1102 ani·

184 1142 260 1217 mie,
288 1141 400 1204 timere
422 1140 537 1224 coepit.
581 1140 692 1223 Neque
714 1144 822 1205 tamen
846 1140 885 1204 de
907 1139 1088 1224 proditione
1110 1140 1246 1222 cogitat,
1274 1138 1331 1203 sed

183 1242 224 1307 ab
250 1242 387 1306 Antonio
411 1242 517 1307 Primo
540 1242 641 1307 literis
663 1242 807 1323 benignis
828 1241 1000 1326 pellicitur.

270 1343 506 1408 studiosissime
538 1343 637 1426 igitur
669 1345 807 1429 proditio
840 1349 1027 1420 excusatur,
1064 1343 1173 1408 Tacito
1202 1342 1244 1407 ΙΙ.
1271 1346 1327 1407 101

184 1450 348 1510 auctorem
372 1444 411 1508 de
429 1447 588 1529 corruptis
604 1447 635 1510 iu
651 1446 869 1511 adulationem
885 1446 989 1510 causis
1003 1445 1189 1510 delectionis
1204 1444 1332 1509 traden-

184 1548 233 1611 dis
249 1548 460 1630 ritnperante.
496 1548 667 1613 Auctorem
685 1548 804 1626 Dionis,
820 1547 967 1625 Plinium,
984 1547 1141 1612 Caecinae
1153 1546 1330 1612 studiosum

184 1648 280 1714 luisse
322 1655 488 1733 praeterea
518 1650 569 1715 hic
598 1650 686 1715 locus
714 1650 849 1715 fortasse
878 1650 986 1715 docet:
1022 1654 1088 1733 (10.
1119 1655 1155 1731 4)
1185 1646 1243 1714 καὶ
1274 1647 1331 1715 τὸν

178 1748 329 1838 Ἀλιηνὸν
351 1789 392 1799 -
415 1747 551 1838 ἔδησαν,
587 1746 680 1819 οὐδὲν
708 1746 785 1819 οὐδὲ
815 1756 873 1839 τῆς
902 1746 1061 1829 ὗνεατείας
1090 1747 1190 1817 αἰτοῦ
1217 1773 1333 1838 προτι-

183 1850 345 1939 μήσαντες
366 1848 431 1918 uri.

271 1956 306 2019 ln
330 1957 455 2039 pugniS,
479 1955 682 2019 Bedriacensi
705 1961 737 2019 et
754 1956 958 2020 Cremonensi
979 1963 1013 2036 1),
1036 1954 1252 2019 describendis
1271 1954 1331 2017 Ta·

185 2059 276 2135 citus,
301 2078 362 2121 non
387 2077 485 2120 unum
505 2056 643 2120 Plinium
666 2062 793 2122 secutus
808 2064 843 2135 ²),
867 2056 1025 2121 interdum
1050 2077 1070 2120 a
1092 2055 1192 2118 Dione
1214 2054 1331 2119 discre-

184 2163 257 2243 pat,
291 2159 344 2240 qui
377 2157 533 2223 nonnulla
563 2160 659 2223 etiam
687 2180 707 2222 a
733 2158 844 2223 Tacito
867 2181 929 2223 non
953 2162 1202 2223 commemorata
1223 2155 1329 2221 refert.

185 2261 294 2325 Lunae
310 2262 395 2324 enim
411 2259 621 2325 defectionem
638 2266 712 2325 ante
727 2282 867 2343 pugnam
882 2261 987 2339 fnisse,
1011 2260 1185 2325 exercitum
1208 2258 1330 2322 citrum·

184 2383 247 2446 que
270 2362 416 2441 vicissim,
439 2367 476 2426 ut
497 2363 538 2426 ad
561 2384 595 2427 sc
616 2362 797 2439 deficerent,
823 2362 995 2441 liert-atum,
1019 2365 1102 2428 inter
1122 2360 1329 2445 pugnandum

184 2464 285 2528 amice
309 2464 500 2529 collocutum
523 2484 590 2529 esse
613 2471 645 2530 et
667 2464 771 2531 cibum
795 2471 969 2549 potumque
992 2466 1180 2549 sumpsisse,
1201 2463 1331 2527 Tacitus

185 2585 246 2629 nou
270 2566 378 2630 tradit.
424 2566 543 2631 'lamen
574 2568 715 2633 auctoris
744 2569 920 2633 communis
950 2567 1052 2632 multa
1082 2567 1216 2651 vestigra
1245 2566 1331 2630 inve·

184 2668 327 2746 niuntur,
350 2674 486 2753 utroque
510 2677 682 2750 narrante,
715 2671 872 2756 proelium
894 2692 958 2735 uon
981 2693 1020 2736 ex
1043 2670 1136 2753 longa
1160 2686 1332 2755 praepara·

183 2770 270 2834 tione
292 2770 347 2833 sed
370 2772 474 2837 subito
497 2772 617 2838 facturn
640 2794 718 2853 esse,
741 2774 841 2839 culn:

360 2910 418 2974 Dio
448 2916 495 2973 ll.
520 2918 549 2975 4.
950 2909 1024 2974 Tac.
1049 2910 1105 2974 lll.
1132 2914 1180 2972 15.

186 3004 204 3096 ἡ
234 3007 268 3075 δὲ
299 3006 337 3097 δὴ
368 3009 453 3099 μάχηΙ
476 3005 534 3076 ocia
557 3010 593 3077 ἐκ
616 3036 725 3098 παρα·
797 3049 836 3060 -
860 3012 1033 3076 auxiliares
1047 3010 1193 3077 cohortes
1210 3011 1240 3073 in
1258 3011 1331 3074 Cre·

186 3116 301 3197 σκευῆς
316 3110 453 3195 ἐγένετο,
476 3108 546 3178 stt’
561 3108 727 3202 αἰφνίδιον
760 3088 763 3189 l
795 3136 977 3179 monensem
1004 3135 1116 3199 agrum
1137 3115 1262 3191 missae,
1285 3119 1330 3186 ut,

186 3208 317 3295 ὀλίγοι
342 3211 725 3296 steteruntmaesti,
795 3218 894 3298 specie
918 3217 1140 3299 parandarum
1171 3213 1332 3298 copiarum

187 3304 258 3378 οἷα
280 3316 389 3400 παρὰ
405 3321 493 3395 τοῖς
515 3312 727 3399 electores-
796 3319 879 3383 civili
896 3320 1016 3402 praeda
1035 3323 1093 3382 etc.
1110 3318 1331 3402 exploratores,

187 3418 536 3501 corrodet-optante
593 3415 727 3505 yt'yvs-
760 3404 764 3489 l
795 3430 996 3493 utmorem,
1021 3419 1334 3501 longiuscurabant.

187 3542 266 3597 ται,
295 3524 384 3595 τοῖς
406 3517 727 3606 προνομείουσιν
796 3529 854 3588 stc.

188 3624 264 3684 τῶν
286 3616 430 3704 ἑτέρων
455 3621 629 3689 ἐπίθοντο.

275 3758 349 3837 (Dio
378 3763 424 3824 12.
447 3766 471 3826 l.
495 3757 677 3847 --καίπερ
699 3759 755 3827 καὶ
776 3758 980 3847 γνωρίζοντες
1002 3757 1160 3851 ἀλλήλους
1182 3759 1247 3828 καὶ
1269 3762 1333 3829 λα·

260 4023 279 4089 1)
316 4022 390 4089 Quae
409 4021 543 4091 Xiphilini
563 4020 679 4075 sortasse
698 4022 780 4091 culpa
804 4023 832 4076 iu
856 4041 939 4077 uuum
963 4024 1040 4094 quasi
1060 4026 1208 4080 Cremonae
1230 4024 1334 4079 editam

188 4110 318 4165 confusae
336 4116 406 4162 sunt.

259 4200 279 4263 ¹)
315 4198 383 4250 cnl'r.
402 4196 501 4259 Nissen
520 4213 543 4249 a
565 4197 583 4250 1.
603 4214 629 4266 p.
648 4199 699 4252 536
718 4214 758 4265 sq.
