2926 4776
716 230 754 290 37

159 412 266 478 hendo
297 412 446 490 (sortasse
468 411 509 477 ab
532 433 615 477 auno
638 418 687 477 44.
711 435 741 496 p.
766 414 854 494 Chr.)
879 414 1016 480 Plinium
1047 419 1172 480 initium
1203 419 1307 500 operis

157 515 322 597 fecissen.

248 708 361 772 Restat
382 706 496 788 igitur,
529 713 566 772 ut
599 710 879 792 comparationes
901 708 1035 773 Themm
1059 717 1091 772 et
1114 709 1305 774 Proitzheim

158 812 200 876 ds
222 811 289 875 vite
309 809 428 874 Tiberii
451 810 601 873 instituta
622 812 693 888 nisi,
715 831 797 894 quae
820 811 911 875 nohis
933 811 1090 889 videntur,
1112 811 1307 895 explicemus

157 918 192 979 et
212 911 487 997 comparationem
510 910 549 975 de
580 912 644 977 vita
667 912 810 990 Claudii,
832 914 917 996 quod
940 911 1010 976 fieri
1031 915 1145 996 possit,
1169 934 1306 996 exequa-

158 1034 242 1079 mur.
287 1012 423 1076 Neronis
443 1013 540 1076 vitam
563 1014 673 1095 paucis
695 1013 858 1078 absolvere
879 1034 1062 1098 possumus,
1093 1036 1190 1096 quum
1213 1015 1245 1078 iu
1269 1036 1306 1081 eo

157 1115 246 1200 quod
268 1136 336 1181 rem
359 1115 502 1179 continet
524 1135 596 1178 cum
619 1115 826 1181 Christensen
849 1115 915 1180 fere
937 1116 1144 1180 consentiam.

247 1217 291 1282 ut
321 1218 400 1280 haec
428 1215 556 1299 quidem
586 1218 669 1281 ratio
700 1218 733 1282 in
765 1218 832 1282 vite
853 1217 972 1282 Tihorii
994 1216 1200 1283 describenda
1222 1217 1308 1281 inter

159 1319 306 1392 Dionem,
329 1316 472 1381 Tacitum
497 1324 530 1381 et
552 1317 738 1383 Suetonium
760 1319 947 1384 intercedit:

246 1419 352 1484 Mults
375 1440 494 1497 eorum,
529 1441 612 1503 quae
635 1420 696 1486 Dio
719 1428 751 1486 et
773 1421 902 1487 Tacitus
923 1420 1137 1497 tradiderunt,
1168 1420 1253 1484 inter
1273 1440 1307 1484 se

159 1522 325 1589 simillima
341 1527 425 1599 sunt,
449 1528 485 1587 ut
499 1521 540 1586 ed
557 1524 653 1589 verba
669 1542 906 1607 nonnumquam
922 1522 982 1587 sibi
996 1522 1218 1603 respondeant,
1241 1521 1308 1605 ple-

157 1645 297 1706 rumque
319 1629 427 1687 autem
449 1623 510 1687 Dio
532 1625 564 1687 in
588 1624 639 1688 his
661 1625 829 1689 simillimis
851 1624 927 1688 locis
954 1645 1005 1687 res
1032 1623 1145 1697 hebet,
1179 1622 1307 1687 omnino

158 1727 261 1804 leves,
292 1746 374 1809 quae
397 1726 483 1808 apud
507 1725 650 1790 Tacitum
674 1749 735 1791 non
758 1727 979 1804 inveniuntur;
1017 1724 1135 1801 multa,
1163 1724 1307 1789 aDione

158 1829 200 1894 do
222 1828 335 1892 iisdem
359 1828 453 1890 rebus
475 1827 606 1905 traditu,
627 1829 722 1911 plane
745 1851 765 1892 a
787 1828 897 1893 Tacito
918 1827 1115 1910 discrepant;
1144 1828 1307 1891 interdum

159 1931 200 1995 de
215 1930 311 1994 factis
328 1930 540 2008 consentiunt,
557 1930 596 1993 de
608 1930 731 2012 judicio
743 1931 864 1995 distant
878 1931 962 1995 iuter
984 1950 1035 2008 se;
1058 1929 1213 1994 nonnullo
1236 1930 1308 1995 aliis

158 2033 254 2097 annis
275 2038 364 2114 geste
387 2051 454 2094 esse
469 2033 622 2096 referunt.
657 2032 756 2097 Porro
773 2032 872 2096 multa
887 2033 973 2117 apud
989 2031 1124 2096 Dionem
1140 2033 1307 2096 inveniun-

157 2141 231 2213 tur,
266 2154 348 2216 quac
378 2132 487 2197 eodem
513 2133 605 2198 modo
628 2140 753 2199 etcum
776 2135 886 2200 'lecito
909 2140 1036 2199 etcum
1059 2133 1210 2199 Suetonio
1233 2155 1308 2199 cou-

160 2236 308 2302 seutiunt
329 2241 387 2298 aut
408 2234 448 2298 ab
471 2234 510 2297 iis
531 2235 728 2319 discrepant3
759 2236 871 2314 mults,
894 2257 977 2320 quse
999 2236 1075 2300 item
1098 2256 1170 2299 cum
1195 2236 1307 2300 Sueto-

162 2339 218 2402 nio
239 2337 307 2402 solo
329 2337 540 2414 consentiunt,
562 2344 619 2400 sut
639 2337 680 2402 ab
702 2359 739 2403 eo
759 2337 957 2422 discrepaut3
979 2337 1083 2401 multe
1098 2337 1245 2420 denique,
1268 2338 1308 2403 de

162 2439 278 2523 quihus
300 2461 356 2502 nec
378 2438 508 2502 Tacitus
531 2461 587 2503 nec
610 2440 779 2504 Suetonius
802 2439 955 2504 referunt.

247 2541 336 2620 Quae
359 2561 430 2603 cum
453 2542 498 2604 ite
521 2542 601 2616 sint,
634 2541 681 2606 illi
710 2562 746 2605 eo
768 2543 913 2624 perducti
937 2550 1027 2620 sunt,
1062 2547 1099 2607 ut
1120 2547 1308 2622 statuerent,

159 2642 307 2709 Tacitum
329 2665 349 2705 o
372 2642 472 2706 Ilione
495 2643 528 2705 in
552 2644 617 2706 vita
633 2643 750 2707 Tiberii
773 2643 981 2708 describenda
1002 2644 1131 2710 omnino
1154 2665 1217 2708 uon
1240 2665 1309 2709 esse

161 2746 352 2823 adhibitum,
384 2744 481 2828 (quod
511 2744 594 2807 idom
624 2744 757 2809 Thamm
782 2745 821 2810 de
851 2745 975 2811 ratione
1005 2746 1089 2810 iuter
1114 2745 1247 2810 Dionem
1276 2752 1309 2810 et

161 2848 350 2914 Suetonium
362 2847 579 2911 intercedente
591 2846 741 2929 judicat),
751 2846 805 2910 sed
819 2854 991 2931 utrumque
1004 2848 1105 2912 multa
1117 2870 1134 2912 e
1148 2849 1309 2912 communi

159 2950 250 3015 fonte
264 2955 287 3028 ²)
305 2949 437 3012 fortasse
454 2948 580 3013 Aufidio
600 2950 695 3013 Basso
708 2954 744 3029 ³),
767 2948 919 3014 hausisse.
953 2950 1032 3015 onlr.
1049 2973 1080 3034 p.
1097 2971 1144 3033 sq.
1162 2956 1225 3015 uot.
1245 2955 1270 3013 1.

233 3143 253 3210 ¹)
290 3139 373 3193 Nulla
391 3139 540 3192 auctoritas
560 3142 658 3193 contra
676 3142 783 3192 ceteras
801 3155 898 3205 censes
923 3142 948 3194 ei
972 3141 1012 3194 rei
1036 3141 1121 3207 inest,
1154 3141 1227 3210 quod
1251 3141 1309 3208 jem

161 3231 190 3283 in
216 3231 275 3282 vita
299 3226 402 3279 Tiberii
426 3227 479 3280 Dio
501 3228 536 3281 de
558 3226 673 3297 singulis
698 3226 783 3278 rebus
809 3244 872 3281 curn
897 3228 961 3282 hist.
980 3232 1038 3282 nst.
1056 3227 1139 3282 Plinii
1158 3230 1308 3297 consentit;

161 3315 281 3382 exempli
301 3315 403 3382 gratie:
423 3315 535 3367 Tacitus
552 3315 716 3371 Phoenicem
736 3333 813 3371 nvem
833 3333 905 3369 anno
925 3320 958 3370 ³4
978 3334 1005 3386 p.
1023 3316 1085 3369 Chr.
1105 3316 1133 3369 in
1152 3317 1308 3385 Aegyptum

161 3405 271 3460 vonisse
290 3401 388 3466 refer-t,
409 3401 497 3452 Dione
517 3400 599 3455 LVII.
619 3406 653 3455 27
675 3409 704 3457 et
720 3404 811 3458 Plinio
830 3422 856 3456 n.
875 3405 902 3457 h.
922 3405 955 3457 X.
975 3407 991 3457 h
1009 3421 1082 3458 enno
1102 3405 1137 3457 36
1154 3420 1181 3472 p.
1200 3403 1261 3458 Chr.
1280 3404 1309 3456 id

161 3490 297 3546 occidisse
314 3487 538 3539 memorantibus.

231 3577 255 3644 ²)
292 3574 361 3629 cnfr.
378 3576 462 3626 etism
479 3573 595 3628 Schiller
613 3591 637 3627 o.
649 3574 666 3629 l.
683 3593 711 3644 p.
722 3581 765 3631 40.
781 3607 807 3616 -
830 3577 868 3630 Es
886 3577 1011 3647 erubngt
1027 3579 1174 3632 somitnur
1191 3579 1236 3632 die
1254 3579 1310 3631 An·

162 3666 271 3722 nehme
291 3663 353 3716 dsss
372 3661 452 3713 beide
471 3659 671 3714 Schriltsteller
690 3665 734 3716 ein
752 3665 810 3717 und
828 3665 948 3721 dissolbe
961 3665 1055 3732 Quelle
1066 3683 1118 3720 vor
1131 3665 1189 3719 sich
1204 3666 1308 3731 hatten,

161 3755 207 3807 die
225 3749 376 3816 nllerdings
395 3749 455 3800 eine
472 3749 647 3817 vorziigliche
668 3767 793 3819 gewesen
812 3751 871 3804 sein
891 3768 973 3819 muse,
991 3753 1048 3807 und
1067 3754 1129 3806 dass
1143 3751 1243 3806 sowohl
1257 3753 1309 3806 Ta·

161 3842 235 3895 citus
249 3837 289 3888 als
311 3834 362 3887 Dio
382 3834 502 3888 dieselbe
521 3836 549 3888 in
567 3837 782 3903 susgcdehntcm
799 3839 893 3893 Mesae
910 3840 967 3893 und
978 3840 1030 3893 mit
1042 3841 1117 3894 einer
1129 3839 1310 3909 Objectivitiit

162 3926 323 3987 henutzten,
343 3920 387 3974 die
406 3938 456 3973 uns
475 3921 556 3975 kaurn
576 3923 655 3975 mehr
674 3925 785 3978 erluubt
802 3924 918 3990 scheiut,
937 3925 980 3978 fur
998 3926 1048 3979 des
1064 3926 1224 3982 Alterthurn
1243 3928 1310 3981 aber

161 4013 242 4068 nicht
253 4009 325 4064 ohne
336 4007 455 4075 Beispiel
467 4010 524 4063 und
536 4009 580 4062 fur
591 4010 703 4065 Tacitus
715 4013 745 4066 in
757 4013 811 4067 den
823 4011 967 4066 Historieo
976 4012 1069 4082 linget
1080 4013 1247 4083 festgostellt
1263 4015 1309 4069 ist.

234 4099 256 4164 ⁸)
292 4096 378 4163 Quem
395 4094 562 4149 Froitzheim
580 4098 719 4152 auctorem
738 4116 910 4154 communem
928 4101 1084 4169 proposuit,
1102 4119 1157 4155 uon
1176 4102 1308 4169 nesciens,

162 4189 326 4254 argumenta
344 4183 397 4238 sibi
416 4181 517 4236 deesse.
553 4182 689 4250 Equidem
714 4188 750 4242 sd
773 4187 888 4242 eandem
914 4187 1101 4256 conjecturem
1126 4188 1306 4256 acclinabam,
