2926 4776
711 263 748 324 41

161 436 326 527 α’νδρᾶσι
353 438 517 531 εἴρηται,
550 441 699 526 παρώξ-
767 452 800 511 et
823 450 898 511 ante
921 448 1060 528 gnaros}

160 567 227 625 νιν,
250 538 309 610 εἴτ’
331 535 386 610 οὖν
408 544 446 612 τὸ
468 542 610 633 ἔγκλημα
630 541 697 611 κτὲ.

161 679 208 742 cp.
226 661 276 722 20.
293 696 332 706 -
348 657 459 740 μέλαν,
476 654 525 737 ὥς
539 680 580 743 ye
601 656 895 743 παραδέδοται,
919 651 1058 744 φώνημα
1074 650 1163 736 iimo.
1185 655 1301 720 LXIII.

164 764 211 823 17.
242 757 484 848 κιθαρριδήσειν
511 757 572 848 γὰρ
599 752 732 848 ἤμελλε,
766 754 816 837 ὥς
843 758 886 844 γε’
912 782 1016 837 τινες
1045 755 1209 840 λέγουσι
1235 751 1301 821 κτὲ.

163 866 213 926 28.
237 860 432 948 γνωρισθεὶς
452 853 509 928 οὖν
530 859 587 927 καὶ
607 857 653 941 ὥς
673 856 742 928 ὑπό
762 883 867 943 τινας,
891 857 942 939 ὥς
962 881 1079 949 φασι,
1107 863 1173 924 τῶν
1193 851 1303 923 α’νταν-

161 960 328 1050 τησάντων
349 959 427 1051 urb]

247 1159 349 1238 Quum
372 1156 471 1239 igitur
491 1156 579 1224 haud
601 1158 711 1242 paucis
731 1157 811 1224 locis
833 1156 966 1223 Dionem
989 1157 1147 1221 veriorum
1177 1161 1303 1222 senten·

160 1260 223 1323 tlas
244 1257 525 1325 transscribentem
547 1258 836 1343 deprehendamus,
858 1259 989 1325 dubium
1011 1279 1080 1324 esse
1102 1280 1165 1324 non
1187 1264 1302 1343 potest,

160 1382 232 1425 eum
255 1362 294 1426 de
317 1360 444 1427 nomine
464 1380 591 1444 quoque
607 1361 715 1426 LivIae
738 1359 787 1424 vel
807 1360 941 1428 Liuillae
963 1361 1097 1445 aliisque
1119 1361 1223 1440 rebus,
1247 1360 1304 1426 mi·

161 1463 239 1528 nimi
261 1463 448 1549 plerumque
469 1463 637 1542 momenti,
660 1462 765 1528 varios
787 1467 935 1529 auctores
957 1483 1020 1528 non
1043 1463 1248 1529 consuluisse.

246 1565 451 1642 Profitemur,
472 1564 514 1630 ad
536 1570 656 1629 certum
680 1585 763 1649 quae
785 1565 825 1630 de
846 1565 987 1646 ratione,
1009 1565 1093 1629 inter
1115 1565 1247 1630 Diouem
1271 1570 1304 1630 et

160 1664 305 1730 Tacitum
328 1668 360 1730 iu
385 1667 451 1730 vite
471 1664 589 1730 TIbcrii
617 1665 851 1744 intercedente,
883 1668 1066 1751 conjecturs
1090 1666 1304 1748 judicavimus

162 1789 225 1831 non
248 1767 380 1833 redacte
402 1788 470 1832 esse
486 1775 519 1832 et
535 1769 586 1832 vix
603 1765 705 1850 redigi
719 1787 828 1850 posse;
850 1769 912 1833 nisi
927 1769 1062 1834 fortasse
1077 1768 1201 1833 alienae
1217 1789 1304 1832 men·

160 1869 203 1933 tis
225 1871 374 1949 acumini,
396 1870 571 1935 maximum
593 1876 790 1933 momentum
806 1869 964 1954 iuTacito
979 1869 1120 1954 ponenti,
1142 1889 1224 1953 quae
1240 1891 1302 1934 non

162 1977 272 2038 nostra
291 1971 352 2036 hoo
371 1972 442 2039 loco
461 1977 511 2038 est
522 1972 705 2057 providete,
728 1973 898 2055 continget,
921 1975 958 2036 ut
979 1991 1086 2036 verum
1109 1971 1260 2037 inveniat.

247 2165 328 2229 Item
350 2163 573 2229 difficillimum
596 2171 694 2241 essct,
717 2184 735 2229 e
756 2146 995 2248 comparatione
1019 2163 1129 2229 Dionis
1150 2186 1221 2231 cum
1244 2165 1304 2229 'la-

160 2267 224 2331 oito
247 2267 286 2331 de
309 2265 403 2330 rebus
425 2265 552 2332 Claudii
574 2273 607 2331 et
629 2265 765 2332 Neronis
793 2265 960 2342 instituto,
995 2266 1158 2348 colligere,
1189 2266 1305 2350 quibus

161 2367 344 2432 auctoribus
365 2377 397 2431 et
418 2389 483 2451 qua
504 2370 629 2433 ratione
650 2366 690 2432 iis
716 2367 774 2432 Ilio
795 2389 871 2433 usus
893 2369 949 2446 sit,
983 2389 1081 2453 quum
1108 2389 1159 2433 res
1185 2368 1304 2451 partim
1407 2393 1409 2396 ’

161 2469 258 2534 etiem
280 2468 462 2551 impeditior
484 2470 533 2535 sit.
587 2473 628 2534 At
657 2470 711 2547 iis,
744 2490 827 2553 quse
856 2471 1081 2555 prioreparte
1108 2470 1305 2553 quaestionis

160 2578 289 2635 nostrae
310 2571 530 2654 exposuimus,
564 2571 626 2635 nisi
657 2571 802 2636 videmur
829 2572 921 2638 nobie
948 2593 1012 2637 non
1034 2572 1103 2637 sine
1125 2591 1223 2637 causa
1243 2571 1305 2637 hoc

161 2673 325 2749 arbitrari,
349 2690 536 2736 consensum
558 2673 642 2738 inter
664 2680 835 2757 utrumque
857 2676 1043 2757 scriptorem
1066 2679 1243 2739 exstantem
1266 2693 1304 2738 eo

161 2773 308 2838 effectum
331 2795 415 2854 esse,
450 2780 488 2839 ut
508 2774 638 2840 Tacitus
660 2774 815 2854 Plinium,
847 2795 942 2859 quem
969 2776 1067 2839 solum
1091 2775 1151 2839 Dio
1178 2782 1305 2841 secutus

161 2882 226 2950 est,
262 2876 419 2940 interdum
449 2875 624 2942 adhiberet.
676 2876 759 2942 Nem
781 2897 969 2942 consensum
992 2899 1053 2943 non
1076 2898 1114 2942 eo
1136 2877 1304 2955 exstitisse,

161 2985 196 3042 ut
214 2977 272 3042 Dio
295 2977 391 3042 verbe
411 2999 429 3042 e
451 2977 561 3045 Tacito
584 2978 838 3058 transscriberet,
861 2977 930 3064 ipsa
952 2980 1149 3063 comparatio
1167 2980 1234 3063 jam
1257 2980 1305 3043 in-

160 3077 324 3144 stituenda
346 3079 482 3145 docebit

245 3272 291 3338 De
319 3273 525 3338 damnatione
555 3273 674 3338 Valerii
704 3273 836 3339 Asiatici
861 3271 920 3338 Dio
944 3274 1009 3340 LX.
1035 3279 1085 3341 29.
1109 3281 1145 3354 5,
1174 3276 1305 3343 Tacitus

160 3375 215 3440 III.
232 3397 278 3458 cp.
300 3380 310 3436 l
331 3396 378 3457 sq.
401 3374 493 3459 plane
515 3376 599 3440 inter
620 3397 654 3439 se
677 3376 870 3460 discrepant.
914 3375 961 3440 Ile
977 3374 1157 3442 Corbulone
1179 3381 1210 3442 in
1227 3379 1304 3443 Ger·

160 3477 266 3541 menia
290 3477 409 3541 bellum
431 3488 561 3558 gerente
583 3479 624 3542 ad
646 3479 780 3544 uerbum
800 3477 962 3542 interdum
984 3478 1203 3542 consentiunt:

340 3595 522 3660 mme
728 3599 734 3735 ρ
894 3595 1182 3681 mmmm

160 3699 279 3773 Γναῖος
307 3695 343 3762 δὲ
366 3691 527 3778 Δομίτιος
550 3693 696 3782 Κορβού-
768 3697 829 3762 Per
857 3697 942 3763 idem
968 3704 1092 3782 tempus
1120 3697 1240 3763 Chauci
1263 3737 1304 3746 —

159 3795 223 3861 λων
257 3794 291 3862 ἐν
324 3800 365 3884 τῇ
391 3799 535 3884 Κελτικῇ
560 3799 692 3886 στρατη·
767 3803 827 3865 etc.

157 3903 222 3982 γῶν
245 3893 287 3963 τά
314 3922 351 3963 τε
372 3894 596 3986 στρατεύματα
620 3922 696 3966 συν-

157 3996 310 4087 εκρότησε
357 3997 414 4065 καὶ
462 4004 528 4065 τῶν
569 3998 695 4086 βαρβά-

157 4126 221 4185 ρων
241 4096 360 4180 ἅλλαυς
391 4123 427 4166 τι
455 4099 511 4167 καὶ
536 4093 593 4180 olle
619 4100 696 4169 esd-

83 4266 87 4270 .
158 4204 234 4269 λαυν
260 4200 410 4286 Καύχσνς
437 4199 590 4270 ἐκάκωσε.
637 4202 694 4270 καὶ
