2926 4776
717 202 753 260 13

164 379 225 448 ὁίι
249 378 419 460 ἐκείνοις
441 378 520 447 οἱδι-
535 383 539 477 l
556 404 604 465 cp.
625 387 662 446 18
685 380 721 447 ἐκ
743 382 779 447 δὲ·
798 380 934 487 sciscat

164 489 249 549 κεῖν
288 480 623 571 ἑπέτρειιινλκαὶ
664 485 711 549 τὰ
743 482 915 569 μετρίως

163 580 184 673 ἢ
216 583 278 652 ὅτι
311 584 442 674 ἠγνόει
475 582 520 651 τὰ
556 584 812 670 πραττόμενα
830 588 914 652 δια-

164 686 350 773 γινόμινιι
381 682 423 753 οὗ
450 711 520 752 κα·
555 686 675 775 βολήν
698 681 811 770 εἶχεν.

164 789 237 867 λιῦς
258 784 383 876 ἤκουε.

260 911 319 976 Dio
342 916 370 974 2.
395 915 424 975 3.
854 904 858 911 ’
928 938 931 993 ι
998 911 1070 976 Tac.
1093 912 1123 976 h.
1147 914 1171 978 1.
1196 920 1248 981 49.

163 1004 241 1077 ὥστ’
276 1006 311 1075 el
347 1009 415 1075 καὶ
447 1006 520 1092 ἔξω
928 1000 1047 1113 [mauis
1095 1024 1183 1080 extra
1229 1015 1304 1080 vitia

162 1110 519 1179 ιοῐτιδεινόνιιοι-
927 1116 1042 1207 {quarn
1075 1139 1147 1183 curn
1178 1119 1304 1184 virtuti·

161 1208 411 1298 εῒνὸΓάλβας
425 1206 476 1301 ἢν,
490 1253 518 1263 -
926 1217 1014 1309 lbus,

258 1334 370 1400 aas.
398 1340 424 1397 1.
597 1332 680 1397 siut.
704 1333 794 1399 aare.
817 1337 867 1399 29.
926 1314 929 1417 l
995 1336 1068 1401 rao.
1093 1337 1124 1401 ι.
1151 1339 1175 1401 r.
1205 1343 1250 1402 ιι.

161 1428 396 1518 νομίζων,οὔκ
419 1427 520 1521 εἰλη-
553 1420 1029 1522 ὅθενοῦχξαοτῷιὰλοιιοο
1064 1460 1132 1518 me,
1176 1440 1303 1505 deorum

161 1538 284 1624 φέναι
299 1535 370 1624 τὴν
391 1531 518 1622 ἀρχὴν
553 1532 772 1621 πράγματα
807 1538 910 1620 λαμ·
926 1524 1163 1624 illuminataque
1179 1564 1303 1606 οοιιιιιι·

159 1635 264 1704 ἀλλὰ
310 1633 519 1703 δεδόσθαι
553 1634 806 1722 persuasit-lei
821 1641 910 1720 μᾶλ·
944 1662 981 1703 ιιι
1003 1643 1046 1704 ad
1068 1643 1303 1724 imperiumne-

161 1736 275 1824 αὐτῷ,
303 1745 419 1804 τοῦτο
446 1737 517 1825 γὰρ
553 1740 621 1805 λον
654 1737 794 1806 ἑαυτὸν
825 1735 910 1805 olri-
944 1750 1047 1806 catum
1069 1751 1129 1808 etc.

160 1844 328 1923 συνεχῶς
348 1837 463 1926 ἔλεγε.
551 1866 674 1925 μενος
721 1839 889 1909 διδόναι

550 1948 637 2022 τοῖς
679 1940 911 2031 πράγμασιν

550 2038 686 2131 ι’ίρχειν
707 2043 772 2113 nai.

346 2176 406 2241 Dio
428 2180 457 2240 2.
483 2183 510 2241 1.
726 2188 730 2263 l
906 2176 980 2240 Tac.
1002 2175 1034 2239 h.
1058 2177 1082 2241 1.
1107 2179 1158 2241 20.

159 2275 307 2367 χρήματά
334 2302 371 2343 τε
396 2271 588 2366 ἀπλήστως,
627 2273 696 2342 ἅτε
726 2290 730 2388 p
761 2277 909 2360 proxima
940 2277 1092 2360 pecuniae
1122 2300 1224 2344 cura:
1260 2319 1298 2331 —-

160 2380 230 2445 καὶ
253 2381 410 2446 πολλῶν
432 2377 631 2463 δεόμενος,
654 2372 696 2466 ἤ·
765 2380 814 2445 bis
832 2385 865 2444 et
880 2380 976 2444 vicies
990 2379 1105 2445 millies
1119 2384 1301 2448 sestertium

160 2482 260 2570 θροιζ
275 2532 282 2547 .
655 2476 659 2483 ’
764 2481 989 2547 donationibus
1005 2481 1089 2546 Nero
1111 2481 1277 2548 effuderat.

245 2607 402 2686 Apparet,
435 2600 605 2667 relationes
632 2622 704 2665 cum
728 2601 838 2664 ilionis
866 2607 933 2663 tum
956 2599 1058 2664 Taciti
1080 2607 1113 2665 et
1136 2602 1300 2669 Plutarchi

160 2724 180 2768 a
203 2705 310 2769 studio
332 2705 470 2789 quodam
494 2703 669 2787 purgandi,
702 2702 777 2766 licet
798 2701 884 2786 apud
906 2703 1051 2767 'tacitum
1074 2708 1176 2787 magis
1196 2706 1301 2772 occul-

158 2810 263 2871 tatum
286 2806 337 2883 sit,
361 2826 424 2869 uon
447 2804 570 2870 alienas
592 2825 670 2869 esse.

243 2906 470 2972 Luculeutiora
492 2911 600 2972 autem
622 2925 746 2984 eorum,
770 2926 853 2989 quae
874 2907 1092 2986 intendamus,
1115 2908 1300 2973 testimonia

157 3030 240 3094 quae
262 3010 301 3073 de
323 3009 478 3074 seditione
494 3008 614 3074 Vitellii
636 3013 670 3072 et
692 3009 731 3073 de
753 3009 851 3074 caede
866 3007 987 3073 Galbae
1010 3008 1194 3099 referuntur
1207 3030 1299 3093 prae·

157 3113 240 3191 beat,
264 3131 337 3175 nam
359 3109 554 3176 adverbum
578 3108 753 3176 Diomede
775 3132 847 3176 cum
869 3111 989 3190 Tacite,
1012 3111 1105 3175 modo
1127 3133 1199 3176 cum
1223 3111 1299 3178 Sue·

157 3214 255 3294 tenio,
278 3214 525 3298 saepissimeque
540 3234 612 3278 cum
629 3212 812 3293 Plutarcho,
833 3233 926 3297 quem
949 3220 1096 3278 auctores
1117 3235 1191 3279 suos
1212 3235 1299 3299 pres-

157 3316 223 3379 sius
245 3322 389 3381 secutum
410 3336 479 3381 esse
502 3320 636 3394 constent,
658 3316 827 3380 consentit.

242 3417 408 3482 Exercitus
429 3418 598 3500 utriusque
620 3417 829 3499 Germaniae,
863 3418 1013 3502 praemiis
1043 3418 1188 3483 laborum
1211 3418 1298 3485 frau-

156 3518 256 3597 datis,
279 3540 299 3583 a
320 3519 424 3584 Galba
445 3520 616 3585 deficiunt:

252 3647 312 3712 Dio
335 3654 364 3712 4.
392 3656 416 3713 1.
616 3648 699 3713 Plut.
723 3649 759 3712 G.
786 3653 832 3711 18.
1007 3649 1096 3715 Suet.
1121 3649 1157 3714 G.
1186 3654 1233 3714 16.

157 3744 514 3836 οὶένιαῒςΓιρμοι-
547 3745 583 3814 οἱ
628 3750 668 3814 δὲ
712 3745 904 3836 πρότερον
938 3751 999 3815 Sed
1022 3749 1298 3833 maalmefreme·

156 3843 268 3929 νίαις
311 3857 513 3936 asperari·
546 3846 625 3915 ὑπὸ
673 3844 904 3937 Οὐεργινίῳ
938 3852 990 3915 but
1016 3852 1186 3935 superioris
1218 3854 1297 3917 Ger·

156 3977 234 4033 ται,
256 3922 748 4069 οὓςεῖχεΡοῦ-.γενόμενοι
775 3991 816 4001 -
843 3977 903 4035 με·
959 3953 1084 4017 maniae
1111 3954 1274 4031 exercitus,

156 4051 442 4141 coaeparatur
458 4079 513 4120 eu·
546 4056 652 4139 γαλοιν
682 4055 743 4138 μὲν
773 4049 902 4135 ἀξιοῦν·
937 4055 1090 4132 fraudari
1103 4077 1136 4118 ιο
1144 4057 1299 4138 praemiis

156 4153 511 4243 εργεσίανὺπὸτοῦ
546 4180 601 4234 τις
621 4151 739 4234 αὖτοὺς
766 4155 820 4222 διὰ
845 4142 923 4244 vivi
960 4165 1093 4222 navatae
1124 4158 1277 4223 adversus
