2926 4776
720 218 740 278 8

157 405 339 483 admonere,
361 424 426 469 non
448 400 543 467 medo
566 422 694 465 sensum
716 420 835 479 eorum,
857 420 940 483 quae
956 398 1016 463 llio
1031 397 1138 476 refert,
1161 400 1298 483 epitome

156 508 294 573 breviter
316 503 552 588 comprehendi,
575 503 629 567 sed
652 504 749 567 ctiam
772 504 883 568 eadem
899 503 1085 585 plerumque
1103 501 1207 579 verba,
1228 502 1296 584 qui-

157 610 216 675 hus
241 608 300 674 llic
323 608 434 686 utitur,
458 604 565 683 reddi3
588 624 691 688 neque
713 607 820 670 omnia
843 604 899 668 illa
921 625 942 669 a
966 605 1065 669 Dione
1089 603 1211 688 prolixe
1234 610 1298 667 tra

156 715 245 778 etate
266 710 299 775 in
322 714 492 792 augustum
514 712 625 772 coacta
647 727 729 786 csse,
761 707 815 771 sed
840 707 926 771 locos
948 706 1115 771 continuos
1135 727 1207 770 eum
1230 726 1297 770 sae·

156 813 229 898 pius
250 812 292 877 ad
307 811 437 877 verbum
455 808 718 893 transscripsisse,
741 809 822 887 aliis,
845 809 900 892 qui
923 830 974 874 res
996 809 1127 873 minoris
1148 810 1298 872 momenti

156 918 321 981 conticere
342 913 372 978 oi
394 912 595 989 viderentur,
615 910 711 995 plane
734 910 872 981 omissis:
901 916 950 989 at,
972 932 1071 994 quum
1094 932 1145 976 res
1166 911 1299 977 leviores

156 1038 178 1082 a
200 1014 399 1101 gravioribus
421 1035 515 1097 saepe
531 1013 813 1092 condiscerneret,
835 1033 899 1078 nou
914 1013 1009 1077 modo
1023 1013 1097 1078 illas
1111 1013 1299 1090 accuratius,

157 1118 216 1183 has
237 1116 509 1200 negligentissime
531 1114 673 1181 e-Diune
700 1137 772 1181 eum
798 1117 1006 1200 excerpsisse,
1040 1114 1096 1179 sed
1124 1116 1221 1179 etiem
1250 1135 1301 1179 res

157 1219 337 1303 gravissimi
360 1217 512 1281 momenti
535 1237 575 1281 nc
598 1218 693 1282 verbo
715 1217 845 1301 quidam
867 1238 1095 1300 nonnunquam
1112 1237 1300 1281 commemo-

157 1342 254 1387 rasse.
300 1321 370 1397 Quo
392 1318 527 1396 accedit,
550 1326 599 1396 ut,
624 1325 802 1403 temporum
825 1322 910 1386 uotis
930 1321 1118 1404 plerumque
1140 1319 1300 1401 neglectis,

157 1424 273 1508 quihus
295 1422 388 1486 anuis
410 1420 490 1486 haec
513 1421 562 1485 rel
584 1421 640 1486 illa
661 1430 752 1505 gesta
774 1423 853 1500 siut,
882 1423 978 1505 plane
1001 1422 1187 1487 nesciamus.
1231 1422 1301 1500 Qua

158 1525 308 1609 expedita
329 1543 406 1589 sane
435 1523 624 1607 excerpendi
651 1525 777 1589 ratione
806 1524 925 1589 factum
956 1531 1019 1605 est,
1051 1531 1089 1589 ut
1118 1524 1300 1609 saepissime

157 1628 259 1711 magis
274 1626 526 1708 fragmentorum
542 1625 745 1705 collectionis,
767 1647 864 1711 quam
879 1629 1049 1694 continuae
1065 1626 1216 1692 historiae
1232 1647 1301 1712 spe-

157 1730 237 1796 ciem
261 1730 405 1813 epitome
421 1728 580 1794 exhibeat.

244 1833 333 1909 Quae
355 1850 427 1894 cum
449 1831 497 1895 ita
518 1831 592 1908 sint,
615 1836 793 1913 opportuno
816 1829 940 1908 accidit,
964 1837 1001 1895 ut
1022 1831 1108 1914 apud
1133 1832 1301 1911 Zonaram,

159 1954 253 2017 quem
282 1954 302 1997 a
331 1931 414 1997 libro
443 1931 504 1995 VII
532 1931 704 1995 maximam
734 1932 939 1996 historiarum
971 1954 1100 1996 suarum
1130 1939 1253 2015 partem
1284 1953 1301 1996 e

158 2035 260 2099 Dione
282 2033 424 2098 hausisse
446 2040 558 2097 notum
578 2039 676 2114 est1),
700 2035 813 2112 multa,
835 2034 951 2117 quihus
965 2034 1120 2118 Xiphihui
1142 2036 1300 2118 epitomen

158 2136 287 2220 explere
308 2140 341 2200 et
363 2134 535 2199 emendare
556 2137 728 2219 possimus,
755 2136 963 2201 inveniamus.
1008 2137 1076 2201 Nou
1100 2137 1211 2220 ignoro
1234 2137 1302 2220 qui-

158 2239 240 2315 dem,
262 2238 347 2302 vitiis
370 2258 434 2302 uon
456 2237 579 2303 levibus
600 2239 696 2302 etiam
721 2239 862 2303 Zorlanae
887 2240 1045 2321 epitomen
1067 2240 1223 2319 laborare,
1246 2240 1302 2304 sed

158 2361 354 2424 quamquam
369 2360 433 2405 non
448 2362 572 2424 semper
595 2340 785 2405 adverbum
805 2341 936 2406 llionem
959 2348 1087 2408 secutus
1107 2344 1149 2407 sit
1170 2348 1204 2406 et
1225 2363 1301 2406 nou·

158 2462 324 2525 nunquam
355 2442 386 2505 iu
414 2461 536 2504 errores
566 2441 730 2519 inciderit,
761 2464 823 2507 nou
847 2465 919 2510 raro
941 2445 1172 2528 diligentiorem
1196 2448 1229 2508 et
1251 2464 1303 2508 ac·

159 2544 351 2609 curatiorem
367 2549 391 2621 ¹)
415 2541 578 2626 Xiphilino
601 2547 819 2611 narrationem
841 2546 984 2624 exhibet,
1008 2554 1044 2612 ut
1065 2569 1129 2612 non
1151 2545 1302 2623 dubitem,

160 2646 248 2730 quin,
272 2650 406 2728 utraque
422 2646 560 2728 epitome
579 2648 721 2727 confusa,
744 2651 823 2714 satis
845 2650 998 2714 materiae
1021 2651 1062 2715 ad
1084 2648 1302 2732 quaestionem

161 2755 302 2813 nostram
317 2754 402 2812 recte
420 2749 653 2815 instituendam
676 2751 877 2834 praebeatur,
899 2775 997 2836 quum
1020 2753 1130 2835 aliqua
1151 2770 1190 2815 ex
1212 2754 1304 2833 parte

161 2848 221 2915 hoe
242 2848 336 2914 modo
359 2849 461 2932 ipsum
483 2849 596 2915 Dionis
618 2872 697 2934 opus
719 2853 760 2917 ad
783 2854 913 2918 verbum
937 2854 1002 2918 fere
1025 2854 1149 2918 restitui
1173 2855 1281 2935 possit.

245 2952 334 3028 Quae
357 2951 485 3034 quidem
508 2953 616 3017 omnia
637 2954 784 3018 omnibus
806 2962 883 3019 uota
905 2963 988 3019 suut.
1034 2955 1222 3037 Priusquam
1248 2974 1303 3017 au-

161 3059 225 3118 tem
247 3053 289 3117 ad
310 3074 362 3131 ea,
386 3075 468 3138 quae
484 3055 575 3121 nobis
598 3055 835 3139 proposuimus,
860 3058 989 3141 propius
1011 3056 1216 3134 accedamus,
1238 3077 1303 3120 uon

161 3175 432 3238 supervacaneum
455 3177 524 3222 esse
546 3157 686 3234 videtur,
715 3158 852 3223 brevitor
874 3159 934 3223 hoe
957 3159 1024 3223 loco
1047 3159 1204 3241 expedire,
1227 3179 1304 3242 quo-

163 3256 256 3321 modo
273 3256 332 3320 Dio
349 3260 515 3323 materiem
534 3258 736 3342 disposuerit.
779 3260 896 3324 Omnes
917 3260 1002 3324 enim
1026 3261 1110 3325 ritae
1132 3261 1221 3339 duas,
1246 3260 1306 3339 vel,

163 3358 190 3422 si
213 3357 361 3424 subtilius
383 3360 572 3441 distingues,
593 3366 659 3425 tres
681 3368 856 3445 quatuorve
872 3361 991 3426 hahent
1006 3370 1132 3446 partes:
1157 3363 1306 3446 primum,

164 3461 321 3527 ominibus
342 3461 384 3527 ad
406 3462 574 3545 imperium
597 3462 740 3529 futurum
763 3464 960 3545 singulorum
982 3464 1199 3547 spectantibus
1213 3487 1306 3531 enar·

164 3563 242 3628 ratis
257 3568 292 3642 ³),
315 3562 355 3628 de
377 3569 549 3629 naturast
572 3565 712 3631 moribus
733 3567 960 3652 imperatorum
983 3568 1153 3652 exponitur
1175 3578 1207 3633 et
1229 3589 1305 3651 quo

166 3725 369 3735 ——n

237 3818 257 3883 ¹)
294 3818 355 3872 cnfr
380 3820 413 3872 Α.
431 3817 607 3889 Schmidt,
626 3819 757 3874 Ztachrl.
775 3819 793 3875 f.
807 3821 832 3874 d.
846 3819 1211 3875 Alterthumswissenschalt
1230 3826 1305 3878 1836.

165 3903 209 3958 ed.
231 3905 443 3959 Zimmermann.

235 3993 256 4061 ¹)
292 3994 314 4046 11
345 3992 465 4046 Dindorf
487 3994 515 4047 in
540 3993 605 4050 edit.
625 3996 691 4049 tom.
710 3995 749 4048 lll
767 4011 837 4064 <quae
860 3992 1018 4063 xiphilinus
1043 3996 1145 4063 partim
1163 3998 1206 4051 vol
1224 3997 1307 4067 plane

166 4081 260 4135 omisit
278 4082 428 4152 diligenter
446 4083 598 4138 adnotavit.

238 4172 259 4239 ³)
296 4171 450 4225 Memoratu
470 4170 586 4241 dignum
604 4174 655 4239 est,
673 4171 701 4225 iu
719 4171 784 4225 sitis
803 4171 915 4237 Tiberii,
934 4171 1003 4240 Gaji,
1021 4170 1128 4225 Claudii
1144 4171 1237 4225 omine
1255 4172 1309 4228 hoc
