2926 4776
713 226 753 286 33

165 404 255 484 δενὸς
277 399 465 492 ἀνθρώπων
485 402 567 493 μήτε
592 411 699 493 φθεγ-

162 509 299 592 γομένου
319 505 401 596 μήτε
424 507 601 587 στένοντος,

163 606 291 677 οἰκίαι
312 610 354 676 τέ
374 634 481 687 τινες
504 607 543 672 ἐν
564 615 616 696 τῷ
630 616 698 674 Τα-
767 611 926 694 visamque
947 612 1077 693 speciem
1101 612 1135 675 ία
1150 613 1309 677 aestuario

162 711 267 800 μέσᾳ
311 715 481 795 ποταμῷ
522 706 700 798 ὖ’φοδροι
774 715 922 776 Tamesae
944 714 1105 776 euboereae
1127 715 1277 791 coloniae,

163 808 339 898 ἑωρῶντο

161 914 229 980 καὶ
264 911 283 980 ὁ
319 910 494 992 αίκεανός
526 909 544 977 ὁ
576 909 697 996 μεταξί
760 920 837 1000 Jam
853 919 1010 980 Oceanum
1028 926 1154 979 cruento
1170 927 1304 1000 aspectu.

161 1021 219 1103 τῆς
235 1040 271 1081 τε
285 1013 382 1105 νήσου
396 1014 452 1082 καὶ
465 1020 524 1104 τῆς
535 1012 700 1093 Γαλατίας

163 1113 392 1206 αἱματώδης
427 1117 529 1184 ποτὲ
559 1159 594 1169 -
630 1114 699 1207 ηὐ-

162 1215 275 1307 tren·

247 1337 396 1421 Prodigia
427 1338 545 1402 Neroni
582 1337 737 1402 Isthmum
777 1339 944 1423 perfodere
982 1359 1131 1422 aggresso
1168 1341 1308 1405 evenisse

162 1439 215 1517 (I).
239 1439 355 1503 LXIII.
383 1444 445 1519 16),
468 1439 639 1505 Suetonius
662 1461 723 1504 non
747 1448 914 1506 memorat.

246 1540 321 1605 Tria
344 1544 452 1606 omina
473 1546 608 1606 mortem
632 1542 769 1608 Neronis
797 1544 1010 1625 significantia
1035 1544 1093 1608 Dio
1116 1544 1232 1607 LXIII.
1257 1547 1307 1609 26.

161 1649 301 1720 enarrat,
324 1643 475 1707 SuetonIo
498 1665 546 1726 cp.
571 1647 620 1706 46.
645 1643 753 1708 decem
776 1645 941 1726 afferente,
964 1667 981 1709 e
1003 1646 1119 1730 quibua
1141 1645 1220 1708 hacc
1241 1644 1309 1709 sola

162 1741 269 1826 aliquo
292 1744 385 1808 modo
408 1746 634 1808 consentiunt:
1106 1732 1107 1739 ί

335 1856 393 1920 Dio
417 1860 465 1919 26.
491 1861 520 1919 ὁ.
958 1859 1044 1923 Suet.
1069 1865 1120 1925 46.

161 1959 199 2023 αἵ
224 1982 260 2024 τε
292 1965 360 2024 τοῦ
394 1953 593 2044 μνημείου
627 1958 699 2020 τοῦ
770 1959 809 2025 de
831 1961 1013 2036 Μαουοίιο,
1049 1973 1156 2044 sponte
1183 1963 1308 2042 scribae

160 2053 441 2144 Ariyocaree'oo
477 2057 533 2123 καί
570 2053 605 2122 αὶ
639 2061 699 2121 τοῦ
766 2064 1308 2143 patefactio,exauditaestvox.—

160 2166 315 2239 κοιτῶνος
335 2166 396 2227 τοῦ
417 2157 556 2240 ἐκείνου,
580 2153 697 2224 αὖτί-

160 2286 283 2345 μαται
314 2261 354 2329 ἒν
387 2268 433 2351 τῇ
461 2257 556 2350 αὐτῇ
586 2258 699 2327 νυκτί

162 2359 430 2453 ἀνεῴχθησαν.
468 2365 548 2445 (scil.
571 2360 698 2450 θύραι.)

378 2488 428 2549 28.
454 2489 479 2546 l.
1013 2495 1063 2556 48.

161 2581 216 2649 καὶ
241 2578 341 2649 αὐτοῦ
363 2589 465 2655 ταῦτα
491 2579 698 2668 πράσσοντος
769 2589 948 2673 Statimque
981 2599 1112 2655 tremore
1141 2602 1242 2655 terrae
1274 2599 1308 2657 et

162 2684 331 2770 σεισμὸς
356 2682 535 2769 ἐξαίσιος
564 2680 695 2767 ἕγὲνε-
770 2690 895 2774 fulgure
912 2692 1045 2757 adverso
1061 2697 1305 2776 pavefactuo-.

161 2810 206 2853 το
228 2812 293 2854 ree.

246 2921 394 3005 Quinque
417 2921 524 2986 omina
545 2920 587 2985 ad
610 2921 778 3005 imperinm
803 2921 925 2988 Galbae
946 2923 1125 3008 spectantia
1146 2925 1239 2989 initio
1269 2925 1305 2989 Ii-

160 3022 209 3087 bri
229 3023 331 3088 LXIV
355 3025 550 3103 invenimus,
584 3045 666 3108 qnae
693 3024 759 3090 lere
787 3025 982 3090 adverbum
1005 3046 1078 3090 curn
1099 3027 1262 3091 nonnullis
1285 3047 1305 3092 a

160 3124 312 3191 Suetonio
333 3128 474 3192 narratis
496 3128 709 3206 consentiunt,
731 3125 829 3191 cnse:

343 3237 404 3302 Dio
429 3244 454 3302 1.
481 3242 509 3302 3.
969 3237 1055 3304 Suet
1079 3244 1109 3304 8.

160 3336 215 3404 καί
245 3344 343 3417 παῖς
371 3334 597 3422 λιβανωτὸν
625 3332 697 3403 αὖ·
759 3340 897 3418 occidit,
928 3346 965 3405 nt
986 3382 1027 3391 -
1045 3363 1145 3424 puero
1171 3343 1303 3407 emini-

159 3437 695 3527 τῷθύοντιπροσφέρωνττο-
765 3441 838 3505 atris
860 3464 1001 3506 acerram
1030 3444 1146 3506 tenenti
1171 3445 1303 3528 capillus

160 3541 247 3620 λιὰς
296 3539 487 3630 ἐξαίφνης
534 3539 694 3631 ἔφυσεν,
764 3553 888 3626 repente
911 3541 971 3607 toto
994 3544 1095 3626 eapite
1116 3554 1299 3624 canesceret,

159 3644 228 3710 καὶ
259 3641 295 3709 oi
325 3640 492 3726 μάντεις
524 3642 595 3731 τὴν
622 3632 696 3709 του
764 3646 1017 3730 madescerent,
1041 3645 1097 3729 qui
1116 3646 1302 3729 Interpreta-

158 3747 352 3829 νεωτέρου
373 3739 493 3833 ἀρχὴν
522 3743 621 3832 πρὸς
649 3747 693 3812 τὸ
763 3756 872 3810 rentur
896 3789 933 3798 -
957 3769 1167 3812 successuram
1186 3750 1303 3830 juveni

158 3854 279 3937 γῆρας
293 3840 693 3936 αὗτοῢμεταστήσεσ-
761 3871 876 3926 eonem,
901 3849 958 3913 hoo
979 3858 1024 3913 eet
1044 3850 1146 3933 ipram
1164 3852 1296 3915 Neroni.

157 3956 232 4018 θαι
256 3946 414 4039 ἔφησαν.

157 4065 233 4128 itern
256 4060 314 4152 τήν
335 4087 371 4128 τε
385 4059 445 4147 γὰρ
460 4057 555 4149 τύχην
576 4045 667 4143 ἔδοξε
687 4056 753 4127 ari.
783 4063 869 4127 Suet.
886 4069 915 4126 4.
932 4061 1102 4126 somniavit
1123 4062 1299 4128 Fortunam

71 4208 72 4212 =
158 4164 315 4231 dicentem
336 4173 396 4232 etc.
432 4161 488 4229 καί
509 4164 614 4229 πλοῖα
635 4159 747 4228 ὅπλων
768 4159 873 4245 μεστὰ
894 4156 960 4229 ari.
990 4162 1076 4227 Suet.
1096 4168 1144 4228 10.
1167 4186 1205 4229 ac
1225 4165 1299 4230 sub·

1050 4284 1067 4335 3
