2926 4776
718 246 755 305 15

250 427 395 507 Galbam,
418 429 574 492 seditione
597 427 733 491 militum
758 428 895 509 cognita,
917 427 957 491 ad
974 428 1224 492 reconciliandos
1246 427 1306 492 sihi

166 549 275 594 eorum
299 533 423 594 animos
445 530 663 594 internuncios
680 530 813 608 misisse,
836 527 1028 593 Plutarchus
1049 550 1111 593 nou
1136 535 1310 599 memorat3

166 635 370 698 consentiunt
393 637 499 696 autem
527 630 585 694 uio
608 638 640 696 et
662 632 811 698 Tacitus:

356 744 415 807 llio
439 747 468 806 6.
497 746 523 807 l.
941 744 1014 809 Τοο.
1039 743 1063 809 Ι.
1087 745 1136 808 31.

165 842 286 928 μαθὼν
308 843 343 908 δὲ
364 840 382 908 ὁ
400 840 530 927 Γάλβας
544 841 585 908 τὰ
600 867 706 930 πρασ-
769 851 908 928 pergunt
923 847 1021 910 stiam
1043 846 1076 910 in
1097 850 1203 910 castra
1218 865 1310 928 prae·

166 943 288 1028 οόμενα
324 942 458 1031 ἔπεμψέ
486 970 576 1025 τινας
604 944 639 1024 ἐς
666 946 705 1012 τὸ
771 949 971 1013 surianorum
992 947 1115 1013 tribuni
1139 984 1179 994 -
1210 949 1235 1011 sl
1262 949 1310 1011 in·

167 1043 403 1133 στρατόιτεδον,
432 1043 482 1126 ὠς
502 1048 567 1113 καὶ.
588 1073 705 1132 μετα·
769 1049 891 1133 cipiens
934 1049 1059 1129 adhuc,
1103 1055 1135 1114 et
1174 1049 1309 1114 necdum

168 1151 308 1215 πεῖσαι
339 1172 439 1237 σφας
472 1148 704 1238 δεννγσόμε-
770 1150 883 1215 adulta
904 1151 1018 1216 seditio
1040 1150 1219 1215 melioribus
1238 1174 1310 1215 con-

167 1274 242 1328 νος.
773 1252 853 1316 siliis
865 1250 1061 1335 flecteretur.

250 1382 337 1459 Quae
356 1382 399 1446 <de
422 1382 503 1446 salso
525 1384 646 1463 nuntio,
670 1384 826 1450 Othonem
845 1384 1050 1449 interfectum
1068 1401 1145 1459 esse,
1168 1379 1310 1445 referun-

164 1487 218 1546 tur
238 1484 280 1548 ad
301 1484 433 1549 verbum
455 1487 680 1552 consentiunt:

261 1612 321 1677 Dio
345 1616 374 1676 6.
399 1616 426 1676 2.
634 1616 707 1681 Tac.
731 1616 756 1680 Ι.
779 1621 830 1681 35.
1052 1613 1135 1678 Plut.
1158 1615 1209 1677 26.

165 1709 225 1778 κᾶν
252 1711 359 1798 τούτῳ
389 1736 521 1797 στρατι-
559 1717 669 1781 obrius
687 1717 716 1782 J.
739 1720 785 1795 Α.,
807 1739 916 1801 specu·
950 1755 992 1766 -
1015 1718 1146 1801 γυμνῷ
1175 1718 1228 1798 τῷ
1255 1709 1310 1794 ξί-

166 1811 252 1902 alenc
277 1838 342 1894 τις,
377 1812 523 1899 γυμνὸν
559 1819 917 1901 Ιαὶοο,εναοο1αοιμίο-
950 1841 1016 1905 φοι
1039 1812 1311 1903 προσφερόμε·

165 1915 209 1983 τὰ
238 1913 358 2004 ξίφος
385 1915 451 1981 καὶ
479 1913 522 2003 ἦ·
558 1920 645 1983 dium
667 1926 832 1985 ostentans
855 1930 914 1985 etc.
949 1942 1077 1997 νος-
1105 1915 1227 1999 ἔδειξε
1257 1920 1309 2002 τῷ

162 2018 366 2103 μαγμὲνον
392 2013 522 2085 ἀναπεί·
950 2018 1083 2108 Γάλβᾳ
1115 2017 1158 2085 τὸ
1195 2016 1310 2108 ξίφος

164 2144 235 2201 νων,
259 2118 325 2187 nrt.
948 2118 1171 2208 ᾑμαγμένον
1193 2117 1260 2189 ari.

248 2249 326 2315 Post
346 2249 425 2315 haee
447 2251 580 2316 Galbam
613 2250 814 2316 sacrificandi
844 2272 941 2317 causa
968 2253 1010 2316 ad
1039 2251 1234 2336 Capitolium
1262 2256 1309 2317 te·

160 2351 309 2432 tendisse,
332 2352 462 2418 Tacitus
484 2353 600 2432 omisit,
624 2355 829 2419 consentiunt
852 2360 960 2418 autem
979 2353 1038 2418 Dio
1057 2361 1090 2419 et
1106 2353 1306 2419 Plutarchus.

348 2480 407 2545 [llo
430 2486 459 2544 6.
482 2486 510 2546 3.
731 2516 734 2573 3
961 2483 1043 2548 Plut.
1068 2488 1117 2548 26.

161 2573 259 2659 οὗτὸς
289 2579 326 2647 δέ
359 2580 398 2660 ἐς
430 2576 472 2646 τὸ
505 2577 696 2646 Kamani·
731 2612 733 2671 r
768 2581 870 2666 ἐμβὰς
889 2582 923 2662 ἐς
937 2583 975 2650 τὸ
992 2589 1124 2671 φορεῖον
1140 2580 1307 2666 ἐκομίζετο

160 2682 247 2748 λιον
279 2679 330 2761 ὥς
361 2680 426 2748 καὶ
458 2687 594 2748 θῦσων
632 2680 696 2768 εἶ’ρ-
730 2680 733 2733 l
766 2689 820 2769 τιῖ
842 2709 884 2750 τε
907 2686 979 2751 Art·
1000 2691 1126 2752 θῦσαι
1151 2726 1189 2733 -
1211 2691 1306 2768 βοο-

139 2806 272 2880 μησεν.
729 2740 733 2863 l
768 2781 948 2868 λόμενος.

245 2912 393 2978 Maximis
422 2921 528 2979 autem
560 2914 811 2998 propinquitatis
841 2916 993 2995 vinculis,
1026 2935 1110 2999 quae
1141 2914 1180 2979 de
1209 2914 1306 2980 caede

159 3012 278 3079 Galbae
302 3016 361 3082 Dio
383 3024 417 3081 et
438 3017 629 3081 Plutarchus
650 3016 802 3095 referunt,
825 3019 996 3102 cunjuncta
1017 3023 1103 3096 sunt,
1125 3038 1183 3081 nec
1202 3015 1306 3081 Taciti

157 3118 272 3182 relatio
294 3119 335 3184 ab
358 3120 553 3185 ornamentis
575 3120 745 3184 rhetoricis
767 3121 873 3185 aliena
895 3127 964 3185 est:

255 3256 315 3321 Dio
338 3261 366 3320 6.
392 3261 419 3320 3.
476 3292 479 3299 ,
654 3254 734 3318 Plut.
760 3258 809 3319 26.
1031 3255 1104 3321 Tac.
1128 3255 1152 3320 l.
1175 3260 1225 3322 40.

158 3355 214 3422 καὶ
245 3352 333 3443 αὐτῷ
365 3355 398 3421 ἐν
431 3357 515 3444 μέσῃ
551 3350 751 3438 ἐμβαλόντος
788 3357 824 3422 δὲ
863 3352 911 3436 εἷς

157 3463 198 3545 τῇ
223 3455 387 3540 Ῥωμαίων
413 3453 515 3546 α’γορᾷ
550 3456 609 3545 τὴν
620 3453 910 3545 α’γορὰν-ἐφαί-
965 3502 968 3508 ·

179 3554 499 3647 ἀπαντήσαντες
551 3558 909 3643 νοντονιριῦτονῖπ·

160 3658 381 3738 inussissent
402 3658 514 3741 πεζοὶ
552 3666 660 3740 νοεῖς,
683 3654 1045 3746 strarant-igitur
1087 3663 1204 3728 milites
1242 3664 1305 3729 Ro·

158 3761 303 3829 ἐνταῦθα
313 3760 514 3847 τόνγέρον·
550 3785 605 3825 ται
635 3805 676 3813 -
705 3760 910 3849 περιηκόνιι-
926 3714 929 3843 l
947 3765 1033 3828 mani
1050 3802 1085 3812 -
1105 3785 1143 3828 ac
1158 3785 1221 3829 uon
1244 3767 1304 3830 irn-

157 3889 219 3945 τα,
243 3863 312 3930 τὸν
332 3858 514 3950 ἀρχιερέα
550 3886 610 3928 σαν
621 3859 659 3928 τὸ
676 3868 816 3950 φορεῖον,
827 3862 909 3944 ‹tgt'
926 3854 928 3925 l
939 3867 1304 3947 peratoremsucmtner-

157 3966 224 4033 τὸν
245 3962 514 4051 αὐτοκράτορα
550 3961 608 4030 οὔκ
653 3960 763 4048 ἔτεγγον
810 3962 1024 4034 αὕτοῦιοιοοε
1051 3977 1207 4034 etsenem
1236 3974 1303 4036 tru-

158 4067 240 4154 [τὸν
255 4065 424 4149 ὕπατον,
448 4067 514 4133 τὸν
551 4072 716 4155 προσῆγον
738 4066 908 4152 ἐσπασμέ-
944 4069 1053 4134 cidare
1092 4077 1261 4156 pergerent

157 4166 515 4257 καίοαραΖοο.]ιεολ-
549 4192 617 4248 νοις
633 4176 705 4247 τοῖς
718 4167 907 4259 ξίφεσιν.-
944 4179 1004 4237 etc.
1031 4212 1068 4223 -
