2926 4776
805 222 843 281 la

249 403 315 467 λῶν
341 400 400 484 μὲν
426 402 607 485 ductanda
642 424 692 488 cp.
730 407 769 469 27
811 401 1001 487 περιπεί-

249 505 458 587 παμπολλῶν
485 504 522 570 δὲ
549 506 606 592 dp·
642 529 762 590 ραιτα
794 504 885 591 περὶ
915 504 1002 591 λόγ-

248 602 607 692 μότωιιιαρόντωνμα-
641 631 710 693 W
747 605 814 672 καὶ
848 603 1019 725 divortii-p

249 706 395 795 τέκοψαν
416 706 471 774 καὶ
502 705 543 774 τά
570 732 607 773 τε
642 709 764 773 torno
777 706 1001 795 πρεσβύτου

248 803 332 875 atta
345 816 393 896 τῷ
407 809 534 894 σώματι
550 804 607 874 ori·
642 807 858 894 medemnos
873 804 1000 898 ὄρχον-

248 908 605 997 τοῢέλυμήιαντο,καὶ
641 907 709 989 τός
745 936 791 977 ra
826 909 1000 995 κοσμίου

250 1007 605 1101 τὴικεφαλῆνᾶιιο-
661 1011 727 1077 καὶ
764 1010 979 1101 ἀρχιερέως
1112 1033 1184 1098 Tac,
1210 1035 1234 1099 1,
1258 1042 1310 1100 44,

248 1111 459 1201 κόψαντες
506 1111 605 1201 περὶ
639 1112 705 1180 καὶ
726 1112 884 1182 ὑπάτου
906 1112 973 1182 ari.

248 1213 392 1282 κοντόν
437 1211 604 1283 ἅνέπει-
1030 1220 1176 1303 praefira
1206 1220 1303 1283 contis
1335 1245 1389 1286 co-

248 1342 327 1405 ραι.
1015 1322 1099 1402 lpilo
1121 1321 1337 1405 gestabantur.

332 1463 515 1526 Extremam
539 1462 658 1527 Galbae
682 1483 790 1527 rocem
813 1463 941 1527 varica
969 1465 1127 1528 communi
1158 1471 1288 1529 auctore
1318 1488 1389 1550 pro·

247 1564 348 1629 ditum
370 1564 481 1643 fuisse,
513 1570 624 1630 notum
647 1570 712 1630 est:
744 1565 803 1629 bio
825 1584 884 1648 pro
905 1586 939 1630 re
962 1566 1239 1647 verisimillimam,
1263 1568 1388 1633 Plutar-

248 1666 325 1731 chus
346 1666 602 1733 honestissimam
625 1666 730 1751 elegit.

332 1797 406 1863 Jam
428 1801 546 1874 autem,
569 1796 712 1861 ordinem
735 1814 843 1860 rerum
864 1801 1042 1879 sequentes
1066 1796 1097 1860 in
1122 1818 1188 1862 rem
1211 1799 1387 1879 incidimus,

246 1919 310 1983 qua
333 1919 450 1982 magua
470 1899 678 1982 expositionis
701 1904 830 1962 nostrae
851 1899 1058 1962 commutatio
1081 1898 1188 1980 fieret,
1221 1902 1282 1965 uisi
1306 1922 1389 1983 quae

247 2001 376 2066 obstant
398 1999 491 2064 facile
513 2000 670 2064 removeri
692 2004 830 2083 possent.
875 1999 1057 2063 Invenimus
1079 2000 1178 2073 euim,
1201 2022 1264 2066 non
1287 2002 1388 2066 solum

247 2101 455 2167 Plutarchum
478 2103 511 2167 iu
534 2123 572 2168 eo
593 2100 718 2186 lapsum
747 2121 831 2180 esse,
866 2107 903 2165 ut
924 2101 1145 2184 Sempronium
1168 2101 1308 2167 Densum
1331 2105 1390 2167 im·

245 2206 386 2288 peratori
409 2224 500 2288 opem
523 2204 634 2270 tulisse
656 2204 774 2282 tradat,
797 2203 900 2267 sedin
917 2204 1054 2287 epitome
1069 2205 1165 2268 etiam
1181 2212 1291 2269 nostra
1304 2206 1388 2271 idem

247 2306 391 2389 legimus.
434 2306 545 2373 Tacito
568 2313 676 2372 autem
698 2312 732 2370 et
754 2305 904 2371 Suetonio
927 2305 1061 2369 testibus
1083 2311 1224 2385 constat,
1255 2307 1388 2372 Galbam

247 2409 445 2474 indefensum
467 2410 633 2490 cecidisse,
662 2414 695 2474 et
716 2409 934 2473 centurionem
956 2407 1046 2471 illum
1069 2407 1176 2472 Pisoni
1198 2408 1318 2472 auxilio
1339 2429 1391 2473 re·

247 2511 332 2576 nisse
354 2512 443 2588 (Tac.
459 2511 483 2576 1.
501 2515 566 2595 43).
611 2511 675 2577 Sed
696 2532 747 2576 res
769 2510 849 2575 nihil
871 2509 969 2575 habet
990 2509 1119 2591 negotii.
1145 2510 1288 2574 Zonarae
1304 2512 1389 2575 enim

247 2614 385 2697 epitome
415 2612 544 2678 conlata
563 2613 631 2695 jam
654 2613 829 2677 Mommsen
854 2612 889 2695 (l.
913 2633 938 2677 c.
961 2634 992 2696 p.
1016 2612 1090 2692 368)
1115 2612 1253 2689 monuit,
1277 2611 1389 2694 Xiphi-

248 2714 348 2779 linum
372 2734 431 2779 rua
452 2719 564 2799 sponte
584 2715 663 2779 haec
683 2715 843 2780 addidisse
857 2715 966 2779 videri.
1002 2715 1103 2792 Quam
1120 2714 1300 2796 opinionem
1317 2714 1390 2778 aliis

248 2821 417 2901 praeterea
438 2822 471 2881 et
491 2816 643 2899 gravibus
664 2818 860 2900 argumentis
882 2816 1010 2881 firmare
1032 2815 1142 2891 liceat,
1166 2836 1300 2898 quorum
1323 2837 1390 2880 ma·

248 2920 368 2983 nimum
392 2924 454 2998 est,
476 2918 562 3002 quod
585 2918 656 2982 aliis
678 2920 775 2983 etiam
799 2918 877 2982 loeis
899 2917 1082 3000 xiphilinus
1104 2915 1310 2980 Plutarchum
1334 2917 1390 2980 ad·

248 3020 354 3086 hibuit
367 3026 410 3100 1);
432 3040 491 3086 nec
511 3021 603 3104 parvi
625 3020 780 3085 momenti
802 3039 870 3084 esse
890 3019 1024 3096 videtur,
1047 3017 1132 3101 quod
1147 3017 1253 3082 caedis
1267 3018 1390 3082 Pisonis

248 3123 299 3188 bis
321 3123 441 3187 mentio
469 3122 524 3187 fit:
559 3122 662 3187 altere
691 3142 708 3186 e
739 3120 928 3202 Plutarcho,
961 3121 1067 3185 altera
1091 3140 1109 3184 e
1132 3119 1232 3183 Dione
1260 3118 1390 3183 fluxisse

249 3224 389 3303 videtur3
411 3225 541 3289 tertium
563 3223 671 3289 afferri
693 3229 813 3307 potest,
836 3243 903 3287 rem
925 3242 988 3286 nou
1012 3241 1069 3287 suo
1092 3220 1170 3301 loco,
1192 3221 1248 3286 sed
1270 3221 1303 3285 in
1325 3222 1388 3284 line

249 3327 443 3392 narrationis
464 3347 532 3392 esse
553 3332 843 3391 commemoratam.

334 3446 381 3512 De
403 3446 570 3523 ominibus,
592 3446 685 3510 initio
707 3446 845 3508 vitarum
866 3441 979 3526 positis
1003 3440 1088 3505 iufra
1103 3460 1301 3523 quaeremus.
1341 3441 1389 3505 hd

250 3550 349 3614 vitam
364 3550 462 3632 igitur
477 3547 611 3613 Othonis
626 3553 830 3611 transeuntes
854 3545 964 3610 eodem
986 3544 1141 3628 scriptore
1162 3542 1272 3608 eodem
1296 3542 1390 3606 modo

250 3650 385 3716 Dionem
407 3671 499 3715 usum
521 3670 590 3715 esse
611 3648 909 3714 demonstrabimus.

321 3916 343 3985 ¹)
377 3915 446 3971 cuir.
464 3915 514 3970 vit.
527 3914 603 3969 Caes.
624 3915 668 3969 ed.
686 3913 769 3967 Dind.
787 3914 841 3967 vol.
859 3914 892 3967 V.
911 3931 938 3982 p.
958 3915 989 3965 31
1009 3941 1043 3951 -
1063 3906 1097 3969 ὡς
1113 3910 1167 3980 μὲν
1184 3908 1199 3962 ὁ
1218 3903 1390 3979 σιψγραφεὺς

251 4004 322 4071 (Dio)
340 4004 425 4072 λέγει,
452 4000 616 4054 ἀπέκτειναν
635 4003 800 4071 (Caesarem)
826 4002 856 4052 dl
879 3997 1042 4068 ἀλιτηριώδη
1060 3994 1121 4050 τινὰ
1140 3996 1249 4066 οἶστρον
1267 3994 1335 4047 -κιὲ,
1356 3990 1391 4051 ὡς

252 4091 282 4143 di
302 4086 333 4142 rb
352 4088 453 4154 ἀληθὲς
471 4090 528 4160 ἔχει
546 4091 590 4142 καὶ
611 4086 626 4140 ὁ
646 4086 871 4158 Πλούταρχος
888 4086 923 4139 ἐν
941 4090 1014 4143 τοῖς
1032 4081 1272 4153 Παριιλλήλοις
1289 4077 1390 4132 διδάσ-

250 4194 290 4230 κει
308 4179 364 4229 xri.
