2926 4776
744 233 785 294 30

277 415 358 479 Item
379 414 465 498 quod
487 416 617 498 quidam
641 422 788 481 constare
811 416 938 495 dicunt,
966 414 1099 481 Dionem
1122 416 1259 500 plurima
1280 436 1331 480 ec·

191 537 278 594 rum,
313 536 396 600 quae
422 517 462 582 de
489 518 555 580 vita
577 518 702 601 priuata
730 519 958 602 imperatorum
988 516 1102 595 refert,
1135 539 1154 582 e
1181 517 1333 583 Suetonio

191 618 344 697 hausisse,
366 638 408 683 an
431 626 517 684 recte
540 617 708 698 affirment,
731 618 875 684 dubitem
889 621 925 703 ¹).
955 619 1173 700 Conferamus,
1195 619 1333 703 quaeda

191 721 296 802 priore
326 719 391 783 vita
420 724 453 783 ct
484 720 625 784 moribus
648 720 768 785 Vitellii
801 720 859 786 Dio
888 721 1038 800 tradidit,
1070 742 1141 786 cum
1170 719 1332 787 Suetonio.

190 821 299 887 Trium
323 821 450 885 illarum
475 822 798 899 narratiuncularum,
820 844 901 907 quas
922 825 1021 888 vitam
1039 823 1160 889 Galbae
1181 823 1214 887 in
1236 843 1332 907 quae·

190 924 325 987 ationem
347 928 496 987 uocantes
518 924 681 989 omisimus
705 925 831 1003 (LXIV.
856 931 885 988 4.
911 931 939 989 2.
961 932 1037 1010 sq.),
1071 928 1176 1009 prima
1197 932 1332 1003 tantum,

191 1025 352 1090 Vitellium
375 1023 502 1089 Tiberio
523 1025 557 1087 in
580 1024 701 1091 deliciis
722 1027 833 1103 luisse,
856 1026 942 1110 apud
965 1027 1150 1091 Suetonium
1173 1048 1221 1110 cp.
1244 1026 1334 1091 3111-

191 1130 326 1191 venitur.
372 1126 460 1190 inter
482 1146 529 1203 ea,
551 1146 634 1210 quae
656 1130 749 1193 initio
771 1129 841 1196 libr.
865 1128 950 1194 LXV
968 1128 1027 1192 Dio
1044 1128 1152 1205 refert,
1176 1129 1241 1191 alia
1255 1126 1333 1193 Suc-

190 1230 296 1293 tonius
328 1248 389 1293 non
421 1227 519 1291 hahet
548 1229 608 1310 (sic
631 1230 714 1295 Vibii
738 1231 842 1314 Crispi
872 1231 952 1295 illud
982 1230 1084 1295 facete
1106 1228 1226 1294 dictum
1249 1231 1278 1293 2.
1303 1232 1332 1293 3.

190 1336 364 1413 quantum,
385 1349 448 1412 quo
467 1335 610 1412 tempore
633 1332 698 1397 vit.
721 1332 933 1416 principatum
958 1332 1075 1407 tenuit,
1102 1332 1335 1415 consumpserit

191 1437 220 1497 3.
245 1437 273 1495 2.
298 1432 453 1512 Galerius,
476 1432 584 1496 uxoris
605 1432 679 1511 vit,
702 1432 834 1513 derisus,
857 1433 942 1516 quod
964 1434 996 1497 in
1018 1434 1107 1515 regia
1128 1453 1241 1517 parum
1266 1453 1333 1496 mu·

190 1534 299 1599 liebris
322 1540 455 1598 ornatus
478 1533 648 1617 reperisset
665 1541 695 1599 4.
712 1538 741 1599 2.
764 1535 879 1600 Omnia
897 1534 963 1614 illa,
985 1555 1067 1618 quae
1089 1535 1213 1616 egregie
1233 1534 1333 1600 aVit.

190 1643 280 1719 gesta
309 1656 376 1700 esse
399 1636 541 1699 Zonaras
570 1645 741 1715 memorat,
772 1636 865 1717 alia);
900 1636 966 1701 alia
994 1637 1035 1701 ab
1065 1646 1200 1718 utroque
1230 1635 1332 1699 relata

190 1744 247 1803 aut
268 1737 433 1822 paululum
457 1738 640 1821 discrepant
661 1746 717 1805 aut
739 1741 919 1805 accuratius
941 1760 961 1804 a
982 1739 1083 1804 Dione
1105 1742 1332 1811 memorantur,

190 1847 227 1904 ut
256 1840 460 1904 statuendum
493 1840 551 1919 sit,
585 1846 756 1926 utrumque
786 1843 919 1906 eundem
943 1842 1125 1906 adhibuisse
1146 1839 1332 1921 scriptorem

190 1940 293 2004 cuir:

372 2052 432 2117 Dio
460 2057 484 2115 1.
509 2058 538 2117 4.
979 2050 1065 2114 Suet.
1092 2052 1139 2111 14.

189 2149 388 2238 πρόγραμμα
409 2148 516 2233 ἔθετο,
541 2144 582 2216 δι’
600 2142 636 2215 οὗ
652 2150 728 2230 τοὺς
798 2193 835 2203 -
871 2151 1094 2226 exacerbatus,
1137 2147 1222 2231 quod
1259 2152 1331 2231 post

190 2249 407 2340 ἀστρολόγους
429 2251 579 2341 ἐξήλασε,
612 2275 727 2340 προει-
794 2256 932 2320 edictum
963 2273 1069 2331 suum,
1107 2272 1169 2333 quo
1197 2249 1332 2330 jubebat

190 2351 266 2421 rrrdr
289 2378 403 2443 σφισιν
426 2353 517 2432 ἐντὸς
541 2356 640 2442 τῆσδε
670 2362 729 2441 τῆς
795 2358 881 2421 intra
902 2355 951 2420 Kl.
973 2354 1041 2419 Oct.
1072 2353 1150 2418 urbe
1174 2351 1332 2435 italiaque

189 2454 325 2545 ἡμέρας,
346 2454 443 2544 ῥητήν
463 2480 537 2521 τινα
558 2454 670 2539 τάξας,
694 2455 730 2536 ἐξ
796 2457 1013 2523 mathematici
1035 2456 1240 2533 excederent,
1267 2460 1331 2519 sta·

190 2557 324 2646 ἁπάσης
344 2563 403 2645 τῆς
422 2552 561 2638 Ἰταλίας
582 2563 728 2647 poprium.
795 2560 854 2624 tim
870 2559 997 2625 libellus
1019 2560 1199 2643 propositus
1220 2563 1278 2633 est,
1299 2562 1332 2619 et

190 2659 246 2725 καὶ
261 2654 359 2745 astra·
374 2657 492 2726 ἐκεῖνοι
514 2659 651 2740 νυκτὸς
672 2656 729 2727 ἄν·
797 2661 974 2728 Chaldaeos
991 2661 1105 2741 dicere,
1128 2660 1246 2727 bouum
1266 2658 1331 2725 tac·

190 2760 408 2848 τιπροθέντες
433 2757 606 2848 γράμματα
636 2761 727 2831 dm-
796 2768 875 2842 tum,
898 2785 936 2828 ue
952 2765 1016 2830 Vit.
1034 2761 1138 2827 Germ.
1156 2765 1242 2828 intra
1257 2781 1333 2828 euu-

190 2862 417 2952 παρήγγειλαν,
444 2856 671 2954 ἀπαλλαγῆναι
693 2864 729 2932 ἐκ
797 2866 869 2930 dem
877 2866 1091 2931 Calendarum
1104 2863 1187 2928 diem
1198 2884 1333 2946 usquam

190 2972 249 3033 τοῦ
266 2961 341 3050 βίου
363 2962 454 3042 ἐντὸς
473 2971 533 3053 τῆς
553 2962 674 3054 ἡμέρας
695 2966 729 3033 ἕν
797 2974 889 3031 esset.

191 3058 433 3154 ᾦέτελεύτησε.

191 3180 256 3244 alia
271 3181 318 3243 ita
333 3179 546 3258 consentiunt,
569 3186 606 3243 ut
620 3200 638 3244 a
654 3179 805 3244 Suetonio
820 3178 948 3243 fluxisse
964 3178 1063 3241 n'dm·
1075 3179 1205 3261 possint
1229 3178 1333 3255 Quum

191 3287 300 3346 autem
323 3299 386 3344 nou
409 3300 512 3361 pauca
534 3301 605 3345 curn
622 3280 733 3345 Tacito
755 3280 851 3344 etiam
874 3281 1084 3355 consentiant,
1107 3279 1187 3345 onir.
1202 3280 1243 3345 de
1259 3280 1334 3345 Hel·

190 3383 277 3448 sidio
300 3382 408 3445 Prisco
431 3381 523 3446 Dion.
547 3388 575 3446 7.
601 3388 627 3447 l.
653 3381 726 3446 Tac.
751 3381 791 3446 ll.
815 3386 852 3445 91
878 3381 918 3448 de
939 3380 1062 3448 inferiis
1085 3380 1220 3447 Neronis
1244 3383 1279 3445 l).
1303 3388 1333 3446 ’1.

191 3489 221 3550 2.
250 3484 323 3549 Tac.
348 3484 464 3549 1195.
494 3482 579 3550 Suet.
608 3489 654 3548 11.
677 3504 793 3568 porro:

374 3594 435 3659 Dio
458 3600 487 3660 3.
512 3600 542 3660 2.
960 3595 1033 3661 Tac.
1058 3596 1098 3660 11.
1123 3600 1174 3662 95.

190 3693 245 3761 καὶ
260 3692 294 3761 τί
307 3690 346 3760 th
361 3719 412 3776 τις
426 3690 504 3761 καθ’
519 3694 656 3762 ἕκαστον
669 3692 727 3762 ui-

190 3803 256 3862 τῶν
276 3796 463 3883 καταλέγοι,
498 3793 603 3865 ὁπότε
629 3797 700 3885 πρί
711 3823 728 3878 ς
804 3800 904 3864 norim
923 3800 1035 3865 millies
1049 3800 1234 3877 sestertium,
1253 3823 1336 3884 pau-

195 3937 399 3946 mma-n·-

265 4016 285 4083 ¹)
320 4014 398 4068 Idem
416 4020 501 4085 negat
519 4016 695 4071 Christensen
713 4016 731 4069 l.
751 4032 775 4069 c.
793 4018 850 4084 μθ
868 4034 917 4087 sq,
938 4018 985 4085 qui
1003 4018 1155 4085 contendit,
1173 4017 1202 4071 iu
1219 4016 1337 4072 Neronis

191 4102 249 4157 vita
266 4102 415 4157 scribenda
431 4120 486 4157 non
504 4104 664 4158 Suetonium
683 4121 699 4156 a
717 4102 803 4158 Dione
822 4102 977 4160 adhibitum
996 4123 1068 4175 esse,
1098 4104 1146 4159 sed
1165 4121 1336 4159 communem

191 4189 226 4243 ab
245 4193 361 4258 utroque
379 4189 494 4245 ionum.
