2926 4776
713 193 732 251 9

157 377 249 442 modo
271 377 303 442 in
326 376 458 459 singulis
480 375 575 441 rebus
598 395 631 438 se
653 375 825 457 gesserint,
859 374 972 437 deinde
1000 394 1040 438 ex
1068 373 1295 438 consuetudine

155 479 316 544 annalium
333 499 414 562 quac
430 482 606 542 memoratu
629 477 726 560 digna
748 477 866 541 Romae
888 482 921 539 et
942 476 973 539 in
996 480 1064 540 toto
1086 476 1218 559 imperio
1234 475 1295 539 llo-

156 601 251 645 mano
272 582 457 646 acciderunt
478 581 676 657 referuntur,
700 579 816 664 quibus
845 581 994 659 rationes,
1021 584 1099 662 quot
1123 578 1216 640 anuis
1237 579 1294 641 im·

155 688 317 766 peratores
338 684 474 747 vixerint
495 688 528 747 et
549 681 764 766 principatum
787 682 992 761 obtinuerint,
1015 680 1187 764 adjunctae
1208 685 1292 743 sunt.

157 786 243 862 Quas
265 783 347 848 duas
368 792 476 868 partes
506 784 574 869 ipse
603 784 789 868 plerumque
818 784 945 849 disertis
975 783 1080 849 verbis
1108 781 1294 862 distinguit:

156 886 235 950 cnfr.
258 888 312 949 vit.
330 886 398 951 Tib.
415 886 512 951 LVll.
533 890 578 950 13.
603 891 632 949 6.
656 884 736 965 λέξω
759 884 794 950 δέ·
812 883 867 949 καὶ
888 881 972 950 κατὰ
992 880 1067 962 τοὺς
1088 877 1227 966 καιρούς,
1251 876 1297 959 ὥς

156 984 278 1053 ἕκαστα
299 985 433 1071 ἐγένετο,
456 983 518 1052 ὅσα
539 1011 575 1071 γε
596 983 650 1050 καὶ
671 981 797 1073 μνήμης
817 981 891 1068 ἄξιά
910 985 1008 1053 ἐστιν.
1033 988 1086 1050 vit.
1104 983 1294 1049 Claudbll.

158 1093 187 1155 3.
208 1092 357 1167 τοιοῦτος
378 1079 434 1153 οὖν
454 1085 493 1176 δή
514 1113 580 1167 τις,
615 1083 660 1164 ὥς
686 1110 722 1171 ys
749 1086 913 1155 συνελόντι
934 1083 1041 1154 εἰπεῖν
1062 1080 1106 1150 ὢν
1127 1079 1193 1150 ari.
1215 1083 1297 1166 λέξω

156 1189 191 1255 δὲ
207 1188 262 1254 καὶ
276 1185 355 1256 καθ’
370 1188 508 1257 ἕκαστον
522 1179 567 1253 ὧν
580 1186 727 1276 incanus.
757 1191 810 1255 vit.
827 1192 943 1257 Neron.
957 1190 1039 1256 LXl.
1056 1195 1085 1254 6.
1107 1193 1133 1252 l.
1149 1191 1297 1264 τοιοῦτος

156 1291 216 1374 μὲν
236 1289 274 1358 τὸ
297 1290 432 1375 σύμπαν
454 1287 472 1358 ὁ
494 1292 608 1376 Νέρων
630 1290 768 1376 ἐγένετο,
799 1291 881 1375 λέξω
909 1290 945 1358 δέ
972 1288 1028 1356 καὶ
1049 1283 1127 1355 nae'
1149 1287 1295 1355 ἕκαστον.

155 1396 211 1459 vit.
228 1395 318 1461 Galb.
330 1396 443 1462 LXIV.
459 1401 488 1461 4.
509 1401 533 1459 l.
551 1393 632 1476 λέξω
647 1392 683 1461 δέ
698 1391 753 1460 καὶ
772 1390 865 1473 ὅπως
886 1387 973 1480 αὐτῷ
992 1391 1032 1459 τὸ
1053 1393 1148 1471 τέλος
1169 1391 1296 1478 συνέβη.

242 1498 385 1581 Vestigia
405 1500 503 1564 etiam
524 1501 669 1576 exstant,
692 1497 808 1580 quibos
829 1502 979 1582 apparet,
1003 1517 1092 1576 eum,
1115 1502 1152 1560 ut
1173 1495 1297 1561 ferebat

156 1600 337 1684 dispositio,
368 1601 509 1684 singulas
536 1620 587 1664 res
609 1620 626 1663 e
649 1604 801 1663 contextu
824 1600 1017 1664 narrationis
1039 1602 1203 1682 exemptas
1224 1597 1296 1661 aliis

156 1702 234 1766 locis
257 1702 443 1766 inseruisse:
466 1701 545 1765 cnlr.
561 1722 667 1766 rocem
683 1700 801 1765 Tiberii
817 1701 856 1766 ds
871 1700 973 1765 Galba
987 1701 1183 1784 imperaturo
1199 1698 1296 1763 lNlI.

160 1806 209 1867 19.
232 1808 260 1867 4.
291 1803 439 1867 iteratam
471 1803 582 1869 LXIV.
609 1807 634 1865 l.
662 1808 704 1880 1.,
737 1804 845 1867 omina
869 1803 1063 1888 Vespasiano
1092 1802 1179 1867 lacta
1200 1801 1295 1866 LXV.

158 1908 187 1970 a.
206 1909 242 1982 l.,
265 1924 328 1987 quo
350 1905 419 1971 loco
441 1906 581 1970 auctoris
603 1906 652 1969 sui
674 1907 805 1984 invenit,
828 1911 939 1990 postea
961 1910 1152 1969 narraturus
1174 1903 1296 1981 omisit3

156 2006 360 2072 rebellionem
383 2008 540 2072 exercitus
562 2007 741 2073 Germanici
764 2009 873 2089 (Lllll.
895 2011 992 2085 4-6)
1015 2008 1113 2091 priori
1135 2007 1220 2091 parti
1243 2025 1298 2069 cx·

156 2130 266 2174 cursus
289 2109 357 2174 loco
379 2110 516 2173 inseruit
537 2109 820 2189 demonstraturus,
843 2131 900 2175 cur
914 2108 1060 2175 Tiberius
1075 2109 1199 2175 infenso
1215 2112 1299 2172 esset

155 2212 263 2277 animo
284 2213 315 2275 in
340 2212 577 2291 Germanicum
608 2213 682 2277 alia.

241 2314 303 2379 Sed
327 2314 405 2380 haec
426 2315 591 2379 hactenns.

614 2534 622 2539 ·
633 2534 815 2547 --a-—u--o

240 2725 314 2790 Jam
336 2723 376 2788 ad
399 2727 582 2789 accuratam
604 2723 832 2807 expositionem
856 2728 895 2793 de
918 2729 990 2792 uitis
1012 2728 1130 2794 Galbae
1152 2737 1185 2794 et
1200 2728 1297 2794 Otho·

158 2829 209 2893 nis
230 2824 468 2892 transeuntibus
491 2825 582 2890 nobis
604 2828 759 2909 primurn,
789 2829 904 2911 quibus
927 2831 1017 2914 quasi
1040 2831 1197 2896 coloribus
1218 2833 1298 2897 utri·

159 2951 258 3015 usque
280 2949 384 2993 mores
406 2936 440 2993 et
460 2950 511 2992 res
533 2934 640 3010 gestae
663 2928 808 3012 depictae
830 2933 902 3011 sint,
926 2934 1140 3016 quaerendum
1164 2940 1221 2999 est.

244 3034 368 3097 Inlonte
396 3029 534 3112 legentes
563 3030 656 3095 facile
686 3032 889 3116 intellegent,
922 3041 1091 3118 utramque
1114 3037 1211 3101 sitam
1235 3059 1298 3101 non

157 3134 335 3201 inconsulte
351 3154 414 3197 uno
435 3133 516 3198 libro
538 3154 606 3198 esse
629 3135 899 3219 comprehensam,
923 3137 977 3201 sed
1000 3138 1046 3201 ita
1067 3138 1152 3203 iuter
1174 3160 1207 3204 se
1229 3161 1289 3205 con

158 3258 274 3303 nexam
304 3241 336 3301 et
365 3240 473 3319 aptam
506 3256 590 3314 esse,
625 3243 662 3303 ut
682 3239 785 3302 altera
806 3238 899 3303 alteri
922 3240 1124 3324 respondeat.
1168 3243 1300 3308 Summa

159 3341 244 3404 enim
266 3338 426 3403 sententia
448 3337 606 3421 perlucet,
629 3338 764 3404 Galbam
786 3340 934 3405 herodem
957 3343 1053 3407 fuisse
1075 3344 1201 3427 imperii
1224 3344 1298 3428 legi·

159 3442 273 3504 timum
288 3445 322 3504 et
336 3442 495 3506 ominibus
509 3442 675 3518 sancitum,
692 3440 847 3506 Othonem
863 3444 1013 3508 rebellem
1026 3445 1148 3527 justam
1163 3468 1299 3530 poenam
1338 3450 1344 3461 '

159 3542 291 3607 dedisse.
337 3542 438 3620 Quam
461 3543 651 3606 sententiam
674 3563 755 3626 quae
771 3544 908 3609 maxime
924 3546 1069 3629 probant,
1093 3549 1230 3614 breviter
1252 3549 1298 3614 al·

159 3644 244 3709 ferre
259 3644 363 3707 liceat.
386 3644 534 3726 Legimus
544 3644 654 3708 LXIV.
667 3649 696 3708 2.
713 3651 738 3709 1.
764 3645 917 3725 ,Galbam
941 3648 1104 3713 moderate
1126 3652 1299 3733 imperasse

158 3747 351 3829 minimeque
366 3766 532 3811 onerosum
548 3746 654 3823 luisse,
677 3748 763 3829 qnod
784 3769 848 3813 non
870 3770 890 3813 a
912 3770 945 3814 sa
966 3756 1095 3833 captum
1117 3752 1172 3816 sed
1188 3751 1299 3817 datum

158 3849 218 3914 sibi
240 3868 308 3913 esse
330 3847 497 3931 imperium
520 3852 713 3931 statueret“;
735 3851 889 3915 avaritiae
913 3851 982 3935 ejus
1004 3856 1036 3916 st
1051 3854 1233 3918 tenacitatis
1247 3874 1299 3919 ve

157 3991 362 4006 ,..----——-

158 4063 219 4118 loco
243 4076 298 4116 non
321 4059 456 4128 inveniri,
483 4060 532 4114 ssd
556 4060 649 4115 avita
666 4062 777 4116 domurn
795 4063 920 4118 Nemnis.
956 4065 1015 4131 Qua
1033 4064 1068 4120 ds
1086 4083 1116 4120 rs
1134 4066 1212 4136 gravi
1229 4066 1299 4122 onir.

156 4150 238 4205 inira.
