2926 4776
742 242 783 303 26

196 447 263 499 τες
285 418 319 486 oi
344 416 732 488 τοῡοέ1’τ.τὸνΜοι·-

196 522 330 591 κιανόν
346 528 533 609 παρεῖναι
549 520 733 613 ἠλλοιώθη·

197 650 257 693 σαν
291 625 346 692 καὶ
370 624 566 715 ἡττηθέντες
585 624 653 693 tat
675 633 733 715 της

195 734 277 816 βοῆς
299 726 426 817 ἔφυγον.

193 900 198 909 .
279 849 445 915 Vitelliani
468 851 553 915 iutra
575 851 700 916 moenia
722 850 897 916 Cremonae
920 853 1054 936 regressi
1077 852 1245 916 Caecinam
1270 850 1336 913 nin-

195 952 276 1017 culis
298 960 459 1018 exemtum
481 953 520 1018 ad
544 955 679 1020 victores
701 954 854 1019 mittunt:

372 1064 431 1129 Dio
457 1069 503 1129 14.
528 1070 558 1128 4.
954 1066 1027 1131 Tac.
1052 1065 1109 1130 Ill.
1134 1067 1182 1130 31.

195 1162 336 1232 ἔλυσαν
372 1163 440 1229 τὸν
475 1161 640 1245 ὕπατον,
676 1163 731 1230 καὶ
800 1168 1143 1232 calenoncecinocn
1164 1164 1332 1227 exsolvunt.

195 1262 294 1333 αὐτὸν
315 1272 359 1354 τῇ
381 1291 416 1332 τε
438 1264 579 1352 ἐσθῆτι.
601 1271 647 1353 τῇ
670 1262 732 1350 α’ρ-
808 1309 833 1319 -
858 1271 919 1335 Sed
936 1270 991 1335 ubi
1007 1270 1153 1347 Caecina,
1171 1274 1335 1350 praelecto

192 1374 286 1456 χικῇ
330 1366 397 1433 καὶ
442 1372 529 1446 τοῖς
568 1364 732 1454 ῥάβδοις
764 1362 768 1485 η
801 1371 1017 1455 lictoribusque
1045 1371 1177 1453 incipitis
1200 1407 1238 1418 —·
1262 1390 1335 1433 cou-

194 1467 471 1559 κοσμήσαντες
536 1466 731 1558 ἔπεμψαν
764 1494 767 1567 i
800 1474 849 1538 sul
871 1474 999 1539 incessit
1022 1479 1080 1538 ete.
1319 1480 1326 1491 '

194 1567 271 1639 ἄνθ’
294 1569 463 1661 ἱκετηρίας.
765 1570 768 1651 ζ

279 1684 445 1750 Excidium
463 1685 639 1752 Cremonae
655 1688 814 1753 simillime
830 1686 870 1751 ab
886 1693 1022 1770 utroque
1044 1686 1198 1770 scriptore
1220 1685 1336 1750 descri-

194 1787 280 1853 bitur
295 1792 320 1872 ¹)
344 1788 423 1851 cnfr.
440 1788 500 1852 Dio
518 1794 566 1853 15.
593 1793 619 1853 1.
643 1785 698 1876 ἥτε
720 1786 781 1872 γὰρ
804 1785 903 1866 πόλις
923 1787 979 1852 καὶ
999 1785 1155 1871 μεγέθεσι
1178 1784 1234 1852 καὶ
1254 1783 1334 1851 κάλ-

194 1888 283 1954 λεσιν
306 1883 574 1976 οἰκοδομημάτων
596 1884 716 1977 Ιἠὀκητο
739 1889 804 1954 καὶ
823 1887 999 1975 χρήματα
1021 1889 1246 1973 παμπληθῆ
1268 1884 1334 1951 καὶ

192 1995 267 2055 τῶν
289 1985 510 2073 ἐπιχωρίων
531 1988 594 2054 καὶ
616 1996 691 2054 τῶν
712 1990 831 2071 ξένων
861 1988 896 2067 ἐς
916 1986 1035 2075 αὐτὴν
1059 1986 1333 2074 συνεληλύθειε

191 2093 265 2157 Tac.
290 2094 346 2158 ΙΙΙ.
371 2096 420 2156 32.
444 2100 562 2174 tempus
585 2115 702 2176 quoque
732 2101 885 2156 mercatus
913 2093 1007 2156 ditem
1035 2090 1153 2175 alioqui
1181 2088 1332 2153 coloniam

192 2195 349 2278 majorum
373 2215 468 2277 opum
491 2194 595 2276 specio
618 2194 805 2278 complebat.

277 2297 449 2361 Numerum
473 2296 649 2360 occisorum
671 2297 809 2376 Tacitus,
831 2306 867 2361 ut
889 2297 1006 2363 assolet
1020 2304 1056 2379 ¹),
1079 2297 1194 2361 omisit.

276 2397 397 2475 Quibus
426 2397 585 2461 enarretis
614 2398 654 2461 ad
680 2399 842 2462 Vitellium
868 2400 925 2463 uio
955 2420 988 2463 se
1018 2398 1190 2476 convertit,
1222 2394 1333 2460 Tacito

192 2500 402 2581 (11131154)
426 2500 559 2563 eundem
584 2500 727 2564 ordinem
752 2509 912 2584 sequente.
960 2502 1117 2585 Prodigia,
1140 2498 1291 2565 hocloco
1313 2518 1333 2560 a

191 2600 301 2664 Tacito
315 2608 455 2665 narrate.
482 2599 539 2664 Dio
563 2623 580 2664 e
603 2606 761 2666 communi
785 2603 871 2668 forne
895 2625 1066 2687 excerpens
1088 2604 1266 2668 confudisse
1289 2601 1333 2663 vi-

191 2703 302 2766 detur.
326 2723 390 2783 qua
412 2702 451 2765 de
473 2725 507 2766 re
531 2704 609 2767 cnlr.
634 2703 725 2767 infre.

270 2804 438 2880 Quomodo
456 2805 602 2869 Vitellius
625 2806 664 2868 do
687 2806 777 2870 clade
797 2810 999 2871 Cremonensi
1024 2807 1140 2869 certior
1167 2803 1270 2866 sactus
1299 2823 1333 2867 se

191 2909 324 2988 gesserit
347 2904 447 2969 simile
470 2913 603 2989 uterque
627 2907 700 2987 (Dio
720 2914 765 2970 16.
783 2913 811 2971 3.
835 2909 907 2972 Tac.
926 2909 982 2972 111.
1000 2912 1040 2971 56
1056 2908 1110 2972 sed
1126 2907 1332 2990 praecipuum

190 3010 258 3091 ipse
272 3008 418 3071 Vitellius
441 3014 598 3070 ostentum
623 3015 693 3072 eret
714 3016 789 3086 etc.)
812 3010 961 3093 depingit.
1008 3010 1072 3073 Noc
1094 3018 1259 3091 praeterea
1284 3028 1334 3069 ro-

190 3111 285 3191 stigia
308 3110 450 3191 ejusdem
473 3110 613 3173 auctoris
636 3110 766 3175 desunt:

367 3218 426 3283 Dio
453 3224 499 3283 ili.
525 3224 553 3282 2.
952 3222 1024 3284 Tac.
1049 3220 1107 3284 Ill.
1132 3226 1182 3284 58.

191 3317 256 3383 καὶ
278 3318 439 3402 τὸνμὲν
467 3314 640 3406 ἀδελφὸν
666 3320 729 3386 διὰ
802 3365 833 3374 -
858 3325 897 3386 L.
919 3321 1080 3384 Vitellium
1094 3324 1238 3404 fratrem
1261 3346 1333 3387 cum

190 3420 336 3502 ταχέων
393 3419 433 3498 ές
486 3428 730 3506 Ταρρακῖναν
797 3446 851 3488 sex
868 3424 1267 3509 cohortibus-inpruenti
1273 3448 1335 3509 per

189 3519 370 3606 ἔπεμψε,
403 3521 456 3587 καὶ
487 3518 529 3589 dt'
551 3518 651 3589 minori
673 3522 730 3611 τὴν
801 3526 1009 3607 Campaniam
1022 3526 1098 3589 dello
1113 3527 1265 3610 opposuit.
1284 3550 1332 3612 cp.

190 3620 290 3689 πόλιν
313 3626 465 3705 κατέσχεν
488 3618 605 3711 ὀχυρὰν
620 3617 728 3693 οὖσαν.
797 3633 847 3691 ’16.
872 3635 922 3691 11.

277 3737 320 3800 ue
343 3738 563 3819 conjuratione
580 3740 689 3805 Sebini
706 3763 776 3805 cum
793 3741 976 3805 consulibus
992 3740 1125 3823 aliisque
1141 3740 1333 3824 primoribus

189 3839 291 3916 facta,
320 3840 359 3903 de
382 3847 484 3903 morte
506 3840 575 3922 ejus
598 3844 691 3907 etde
714 3845 948 3927 expugnatione
971 3842 1121 3927 Capitolii
1143 3844 1238 3928 plane
1259 3865 1333 3909 con·

260 4053 280 4119 ¹)
315 4052 449 4121 Plinium,
471 4054 647 4122 vespasianis
669 4054 801 4118 amicum,
832 4052 900 4110 haec
927 4054 1043 4109 fortasse
1060 4056 1143 4109 verbe
1162 4055 1333 4124 significent:

189 4139 242 4194 Dio
262 4141 304 4194 15.
322 4144 347 4193 2.
366 4142 411 4191 καὶ
431 4136 464 4192 τά
483 4157 514 4210 γε
536 4144 621 4193 πλείω
639 4138 708 4192 κακὰ
727 4143 754 4192 οἱ
775 4137 950 4194 Οὐϊτελλωιοι
967 4141 1093 4213 ἔδρασαν.

257 4226 278 4293 ¹)
314 4225 384 4281 onir.
402 4226 513 4283 Orosius
532 4229 595 4282 cdv.
614 4245 678 4298 pag.
697 4229 723 4282 h.
743 4229 803 4283 vll.
825 4232 865 4282 10.
