2926 4776
740 242 779 304 10

189 429 244 493 nia
266 427 375 507 datur,
400 426 505 511 ,quod
528 426 637 490 multis
659 425 753 491 rebus
775 425 969 510 indigeret“;
992 424 1225 491 classiariorum
1242 430 1267 510 1)
1291 428 1326 493 il-

187 529 291 595 lorum
315 534 364 593 tot
385 529 474 597 milia
495 548 588 593 caesa
609 534 699 607 sunt,
734 548 851 611 ,quum
875 549 936 592 non
959 533 1110 612 parerent
1131 529 1184 593 sed
1207 530 1326 594 tumul·

188 634 392 711 tuerentur“;
414 652 477 714 qno
498 631 567 695 loco
589 630 672 694 idern
689 629 791 695 Galba
806 627 966 705 landatur,
989 630 1083 713 quod,
1107 630 1200 709 ,licet
1220 636 1327 697 aetate

187 733 350 799 conlectus
372 738 464 810 esset,
486 732 618 797 consilio
632 730 757 814 vigebat
773 731 964 813 nolebatque
982 732 1204 815 imperatorem
1222 732 1328 799 iacere

187 836 363 920 quidquam
378 840 531 900 coactum.
540 839 552 869 ²‘
585 833 695 916 Neque
711 832 776 897 alia
798 832 837 897 de
860 852 956 896 causa
979 833 1096 912 „etiam
1118 837 1327 917 praetorianis

186 937 423 1023 postulantibus
449 936 635 1001 donativum
666 957 728 1000 non
759 935 848 999 dedit
877 939 909 996 et
931 933 1121 1016 Tigellinum
1144 943 1327 1022 ceterosque

187 1040 323 1107 Neronis
344 1039 508 1122 adjutores
530 1037 685 1121 supplicio
707 1036 788 1101 affici
812 1058 873 1099 ncn
897 1039 1066 1116 concessit,
1095 1038 1221 1102 ilelinm
1244 1060 1327 1118 reru,

186 1141 379 1218 Narcissum,
401 1139 587 1204 Patrobium
603 1143 635 1203 et
651 1139 820 1204 Locustam
836 1138 976 1222 injussus
991 1145 1092 1204 morte
1115 1138 1242 1205 multari
1261 1141 1329 1224 jus·

186 1244 257 1309 sit.“
292 1242 406 1307 Omnia
421 1243 525 1307 edicta
541 1241 606 1320 illa,
628 1262 648 1304 a
670 1241 975 1324 ZonaraXl.cp.14
998 1243 1110 1320 relata,
1133 1242 1229 1323 digna
1253 1249 1328 1306 sunt

186 1365 268 1430 quae
290 1343 478 1422 laudentnr;
506 1343 609 1407 scelus
631 1343 787 1407 nefarium
808 1343 986 1425 perficiunt,
1010 1346 1064 1428 qui
1086 1364 1202 1423 senem,
1226 1345 1327 1428 ponti-

185 1447 288 1526 ficem,
309 1448 533 1530 imperatorem
557 1444 721 1523 occidunt3
754 1444 821 1527 ipse
843 1443 980 1529 denique
1003 1446 1103 1512 Galba
1127 1445 1188 1525 ,ab
1211 1446 1328 1528 injuria

185 1548 334 1616 facienda
355 1547 478 1613 alienus
501 1551 599 1613 erat.“

270 1650 354 1716 Otho
387 1656 494 1715 autem
528 1648 701 1715 ambitione
736 1668 886 1713 accensus
922 1648 1095 1730 ,Romanis
1129 1649 1326 1714 infinitorum

185 1774 296 1821 rursus
325 1752 481 1817 malorum
511 1753 659 1836 praebuit
681 1752 907 1816 occasionem.“
953 1751 1115 1816 Nonnulla
1137 1752 1265 1837 quidem
1286 1752 1328 1818 ad

185 1855 402 1923 conciliandos
430 1855 553 1919 animus
582 1853 795 1918 multitudinis
822 1852 986 1917 moderate
1016 1853 1091 1919 serit
1115 1876 1197 1934 ,nun
1219 1861 1326 1919 autem

185 1957 270 2043 quod
292 1977 330 2021 eo
351 1957 478 2040 ingenio
500 1962 572 2021 erat
592 1960 650 2020 unt
671 1954 828 2033 moribus,
858 1954 913 2018 sed
935 1953 1019 2036 quod
1044 1956 1240 2040 temporibus
1262 1978 1328 2021 ser-

185 2060 273 2124 uiens
288 2062 409 2123 ceteros
423 2058 545 2141 pariter
560 2056 719 2122 offerrdere
735 2055 894 2135 uolebat“,
917 2057 1015 2138 igitur
1039 2056 1183 2140 ,placido
1203 2078 1241 2122 ac
1262 2057 1327 2123 leni

184 2181 329 2227 sermone
358 2159 508 2225 utebatur
536 2165 568 2223 et
594 2159 669 2224 licto
691 2158 904 2241 simulatoque
926 2164 1016 2243 gestu
1039 2158 1226 2225 modestiam
1250 2179 1327 2243 prae

185 2283 218 2328 se
240 2262 381 2340 ferebat,
410 2284 482 2327 cum
505 2283 568 2328 nou
591 2268 672 2327 esset
694 2260 880 2339 obscurum,
910 2282 981 2324 eum
1005 2261 1106 2325 multo
1129 2261 1327 2346 petulantius

183 2369 281 2449 atque
312 2363 457 2430 acerbius
491 2385 585 2448 quam
620 2366 777 2429 Neronem
812 2384 879 2429 esse
911 2368 1149 2448 regnaturum.“
1206 2365 1327 2430 Acerba

183 2487 277 2553 porro
300 2489 349 2550 cp.
374 2471 410 2545 9,
444 2467 548 2550 ,quod
579 2467 716 2531 militum
738 2466 901 2532 licentiam
924 2488 987 2533 non
1011 2467 1173 2533 cohiberet
1195 2467 1249 2532 sed
1272 2487 1327 2531 au-

182 2574 291 2655 geret“
315 2570 529 2652 vituperatur,
564 2569 692 2654 alioque
723 2569 792 2634 luco
820 2591 868 2653 rp.
897 2574 944 2633 10.
969 2573 996 2632 2.
1026 2569 1209 2649 lacessitur,
1241 2569 1327 2655 quod

185 2676 408 2755 ,conspectum
424 2673 537 2757 proelii
553 2673 636 2738 inter
658 2672 741 2737 cives
765 2671 904 2737 habendi
927 2673 1083 2737 sustinere
1105 2693 1139 2738 se
1160 2694 1252 2758 posse
1272 2692 1328 2738 ne·

183 2780 290 2860 garet:
321 2775 412 2865 qnasi
444 2796 517 2841 vero
540 2776 608 2859 ipse
629 2775 720 2841 bouis
742 2775 866 2841 artibus
889 2774 1024 2858 adeptus
1045 2780 1128 2839 esset
1149 2775 1328 2858 imperium,

182 2899 221 2945 ac
242 2898 306 2944 non
330 2877 475 2942 consules
496 2885 529 2943 et
544 2877 712 2942 Caesarem
734 2878 934 2959 eundemque
957 2878 1181 2960 imperatorem
1203 2877 1235 2940 in
1257 2877 1328 2960 ipsa

183 2980 263 3047 urbe
286 2976 504 3045 trucidasset.'“
527 3020 565 3028 -
590 2979 652 3044 Sed
669 2980 736 3062 jam
760 2980 847 3043 satis.

268 3082 388 3162 Quibus
414 3081 544 3164 judiciis
574 3102 675 3165 paene
705 3081 917 3147 obscurantur
947 3102 998 3147 res
1028 3080 1202 3147 nonnullae
1233 3080 1327 3165 plane

183 3184 335 3250 diversae.
380 3183 530 3266 Legimus
552 3183 636 3247 enim
660 3204 709 3267 cp.
733 3186 763 3247 3.
784 3188 821 3246 4:
854 3182 989 3267 ,quibus
1012 3183 1051 3247 de
1073 3184 1177 3249 causis
1198 3190 1236 3247 ut
1258 3183 1328 3248 lau-

184 3284 325 3351 dabatur
346 3284 465 3365 Galbn,
495 3285 541 3348 ita
564 3284 728 3349 ridebatur
750 3285 904 3360 maximo,
928 3284 1013 3368 quod
1036 3290 1103 3349 toto
1125 3286 1239 3351 itinere
1261 3286 1327 3370 gla-

183 3388 272 3453 dium
295 3388 333 3453 dc
356 3388 477 3453 cervice
499 3407 685 3471 suspensum
709 3394 841 3469 gereret,
865 3387 960 3451 borno
979 3388 1046 3469 jam
1068 3408 1164 3451 senex
1187 3396 1220 3453 ct
1240 3389 1328 3454 infir-

183 3511 254 3555 mus
269 3491 410 3565 nervis“;
434 3490 699 3572 acerbissimeque
715 3488 809 3567 idem,
832 3489 925 3553 modo
941 3487 1100 3568 laudatus,
1118 3491 1328 3575 vituperetur,

185 3592 289 3676 ,qnod
307 3591 458 3676 Verginio
483 3590 565 3655 Rufo
588 3589 668 3655 nihil
689 3590 863 3655 admodum
887 3590 1015 3674 dignum
1040 3593 1161 3658 meritis
1183 3595 1253 3676 ejus
1275 3595 1329 3660 dc·

183 3694 290 3772 disset,
315 3695 375 3759 nisi
397 3695 480 3758 forte
502 3693 574 3777 quis
596 3692 740 3759 beneficii
764 3693 832 3758 loco
855 3693 888 3758 id
911 3700 1047 3778 reputet,
1070 3695 1153 3776 quod
1170 3716 1253 3774 enm,
1274 3697 1330 3780 qui

183 3816 410 3880 saepenumero
423 3797 597 3879 imperator
613 3801 684 3861 erat
699 3796 868 3875 salutatus,
885 3816 1047 3878 superesse
1063 3796 1212 3861 sineret.“
1244 3798 1327 3863 Otho

182 3904 290 3962 autem
313 3896 452 3963 moriens
481 3898 660 3962 clarissima
689 3899 779 3983 quasi
810 3897 880 3963 luce
911 3898 1193 3977 circumfunditur,
1228 3898 1327 3963 Dione

254 4118 274 4185 ¹)
309 4117 362 4186 Qui
380 4118 492 4186 quidem
511 4118 647 4187 xiphilini
666 4118 762 4187 utique
781 4136 873 4173 errore
897 4118 1048 4191 δορυφόροι
1073 4123 1124 4172 τοῦ
1140 4121 1265 4189 stupeum
1281 4138 1328 4191 ap-

182 4205 333 4275 pellantur,
355 4207 424 4261 cnlr.
444 4207 487 4260 ed.
507 4204 596 4261 Stura.
615 4206 668 4260 vol.
686 4206 733 4261 VI.
750 4224 777 4276 p.
797 4208 856 4262 508.
875 4210 932 4263 not.
952 4210 993 4261 15.
