2926 4776
255 435 352 500 Porro
373 437 539 504 conferas:

341 549 400 613 Dio
424 554 474 615 33.
499 556 526 614 2.
920 554 992 620 Tac.
1016 556 1088 619 XII.
1112 558 1162 619 42.

167 692 206 702 -
222 648 277 714 καὶ
291 646 436 732 μάλιστα
455 647 507 717 ὅτι
529 648 584 716 καὶ
605 652 702 735 τιμὰς
770 678 861 721 suurn
891 679 1017 740 quoque
1047 657 1208 741 fastigium
1232 661 1307 741 Agr.

165 745 266 829 ἄλλας
286 776 323 817 τε
337 751 392 818 καὶ
413 751 458 819 τὸ
480 751 701 841 neomuto
770 760 923 824 extollere
945 760 1057 824 altius:
1087 769 1233 842 carpento
1255 780 1309 824 ca-

165 851 203 918 e‘r
232 858 324 932 ταῖς
346 854 584 943 πανηγύρεσι
605 862 701 942 χρῆσ-
769 861 914 944 pitolium
936 861 1069 945 ingredi,
1091 863 1146 946 qui
1165 884 1233 927 mos
1255 884 1308 927 sa·

165 958 228 1020 θαι
250 954 355 1041 παρὰ
377 963 444 1044 τῆς
465 959 589 1046 βουλῇ
595 983 612 1037 ς
626 956 701 1025 eta·
769 964 949 1028 cerdotibus
967 971 1000 1028 et
1014 966 1112 1029 sacris
1128 965 1308 1047 antiquitus

163 1061 229 1138 βεν.
768 1086 935 1130 concessus
951 1068 1186 1132 venerationem
1210 1087 1283 1148 aug.

249 1223 285 1285 ln
309 1212 635 1306 navali'spectaculo‚
667 1227 699 1289 in
723 1226 795 1291 lacu
817 1228 936 1294 Fucino
966 1229 1067 1306 edito,
1098 1228 1308 1295 describendo

163 1325 319 1390 nonnulla
340 1324 464 1407 singula
486 1330 698 1407 consentiunt,
721 1329 821 1393 cuin:

397 1464 466 1530 Dio.
915 1470 989 1533 Tac.
1013 1471 1085 1534 XII.
1110 1475 1160 1534 56.
1246 1460 1249 1466 ’

164 1601 201 1614 -
226 1561 244 1629 ὁ
268 1565 308 1632 δὲ
331 1563 373 1653 δὴ
396 1563 592 1644 Κλαύδιος
618 1565 698 1633 ὅτε
770 1569 1037 1655 ι’ριι(()1ιιιιᾶίιιι)
1066 1571 1184 1653 insuam·
1212 1573 1307 1654 pala-

163 1666 297 1754 Νέραιι
334 1675 624 1755 στρατιωτικῶς
657 1668 696 1736 ε’-
769 1674 923 1752 domanio,
950 1694 1051 1756 neque
1065 1675 1175 1757 procul
1193 1677 1306 1758 Agrip-

163 1767 375 1858 στάλησαι,
402 1767 477 1858 ἥτε
492 1767 696 1857 Ἀγριππῖνα
769 1776 846 1858 pina
874 1775 1036 1859 chlamyde
1065 1787 1179 1839 aurata
1212 1798 1307 1860 prae-

160 1871 328 1954 χλαμύδι
347 1870 543 1966 διαχρύσῳ
559 1873 696 1962 incoari
768 1877 886 1941 sedere.

162 1979 216 2060 θη.

245 2115 382 2199 Reliqua
412 2123 469 2181 aut
497 2116 680 2201 discrepant
709 2124 765 2181 aut
794 2118 880 2201 apud
910 2118 1055 2183 Tacitum
1087 2139 1150 2184 non
1185 2121 1306 2185 inveni·

160 2223 268 2282 untur.

245 2337 382 2401 Caedem
406 2337 533 2402 Claudii
555 2345 588 2402 et
610 2345 742 2403 mortem
767 2339 905 2403 Narcissi
930 2339 990 2403 llio
1015 2345 1065 2402 34.
1088 2343 1116 2401 2.
1141 2346 1170 2403 4.
1194 2340 1307 2404 multis

160 2438 264 2503 verbis
293 2438 458 2513 describit,
493 2440 603 2503 Tacito
633 2441 705 2504 XII.
731 2445 779 2503 67.
802 2441 891 2504 XIII.
918 2446 943 2503 1.
968 2441 1107 2505 breviter
1138 2441 1305 2519 referente,

160 2561 218 2604 nec
241 2539 423 2623 discrepant
445 2541 529 2606 inter
551 2563 592 2606 se.

247 2670 291 2733 De
314 2668 424 2733 funere
447 2669 575 2734 Claudii
597 2670 637 2734 ad
661 2670 790 2734 verbum
814 2670 1024 2748 consentiunt,
1048 2669 1144 2736 enlm:

394 2806 461 2869 llio.
914 2805 987 2868 'lac
1014 2805 1085 2869 XII.
1110 2810 1158 2869 69.

159 2905 250 2989 lisze
272 2906 308 2973 δὲ
330 2905 385 2971 καὶ
411 2911 469 2993 τῆς
496 2912 602 2992 ταφῆς
629 2905 696 2971 καὶ
766 2905 979 2988 caelestesque
1009 2907 1145 2971 honores
1168 2905 1304 2976 Claudio

159 3014 235 3075 τῶν
267 3004 394 3074 ἄλλων
425 3003 527 3072 ὅσων
560 3004 577 3072 r‘
609 3001 695 3072 Aii·
766 3008 995 3086 decernuntnr,
1032 3017 1065 3073 et
1101 3011 1220 3074 funeris
1253 3034 1303 3076 so-

158 3134 333 3196 γουστος.
768 3110 870 3190 lenne,
892 3110 1021 3191 perinde
1035 3134 1072 3173 ac
1088 3114 1132 3172 I).
1146 3120 1301 3196 Anqusto.

243 3248 329 3312 Haeo
353 3247 418 3311 lere
441 3252 529 3325 suot,
552 3268 634 3328 quae
657 3268 676 3308 a
704 3246 803 3310 Ilione
826 3251 858 3308 et
880 3244 990 3307 'l'aoito
1012 3244 1051 3307 de
1073 3245 1184 3311 iisdem
1209 3251 1303 3317 rebus

157 3352 351 3416 reseruntur.
397 3350 422 3412 E
446 3370 510 3431 qua
533 3347 771 3431 comparatione
794 3346 903 3427 utique
926 3345 1077 3423 efficitur,
1111 3369 1301 3417 consensum

157 3474 195 3517 eo
217 3452 392 3525 exstitisse,
426 3458 462 3514 ut
483 3450 611 3514 Tacitus
640 3450 715 3512 item
740 3448 771 3511 in
796 3447 965 3510 annalibus
987 3453 1083 3529 atque
1106 3449 1137 3512 in
1161 3451 1304 3520 historiis

157 3553 393 3620 conscribendis
415 3553 458 3616 ad
481 3552 612 3615 verbum
637 3549 797 3615 interdum
822 3548 956 3611 Plinium
980 3548 1155 3615 adhiberet.
1248 3629 1250 3634 Ι

244 3684 288 3745 lle
311 3682 376 3743 vita
398 3680 534 3745 Neronis
555 3701 574 3742 a
600 3679 699 3742 Ilione
722 3675 896 3758 composita
918 3674 1122 3740 Christeusen
1145 3677 1222 3743 haec
1248 3681 1301 3763 ju-

157 3780 258 3850 dicat:
281 3806 312 3866 p.
337 3789 386 3846 20.
410 3818 452 3831 -
475 3801 566 3860 „cum
590 3782 668 3844 satis
690 3777 902 3842 invenerimus
923 3778 1156 3860 exemplorum,
1183 3782 1301 3863 quibus

157 3886 343 3951 Suetonium
374 3904 531 3966 nusquam
562 3883 595 3945 iu
627 3884 687 3945 hac
717 3881 782 3944 vita
811 3879 929 3942 sontem
957 3877 1054 3942 fuisse
1076 3879 1187 3944 Dionis
1209 3904 1301 3964 sper·

158 3989 276 4052 tissime
306 3984 547 4069 comprobetur*
577 3989 609 4048 et
638 4006 668 4066 p.
693 3987 750 4047 29:
783 4018 840 4062 „-
864 3981 944 4044 satis
973 3981 1192 4061 comprobasse
1220 3984 1299 4049 mihi

157 4091 280 4163 videor,
302 4087 462 4170 permulta
485 4086 596 4149 adesse
618 4091 824 4168 argumenta,
845 4102 946 4164 eaque
966 4081 1161 4163 gravissima,
1183 4084 1300 4166 quibus

158 4191 291 4254 Diouem
314 4213 376 4254 non
400 4210 529 4254 curasse
552 4187 697 4252 Tacitum
721 4190 831 4268 aperte
853 4183 1117 4247 demonstretur
