2926 4776
764 242 805 304 42

216 416 315 486 αὐτὸν
342 419 376 487 ἐν
404 427 444 510 τῇ
468 421 612 512 πολεμίᾳ
633 418 752 490 dread
825 463 864 474 -
887 447 945 492 cur
966 425 1089 492 bostem
1111 423 1273 491 conciret?
1301 420 1358 488 ed·

217 521 383 602 Κλαύδιος
410 519 599 592 ἅνεκάλεοε·
628 523 687 616 τήν
716 551 752 593 τε
823 549 915 593 versa
935 530 968 594 in
984 528 1211 613 rempublicam
1227 545 1357 591 casura:

215 625 275 710 γὰρ
311 621 426 715 riparia
462 623 562 694 αὐτοῦ
598 627 653 694 καὶ
694 625 752 716 τὴν
823 631 870 694 sin
894 653 1043 716 prospere
1065 637 1125 696 etc.
1147 629 1243 713 igitur
1261 626 1358 692 Clau-

215 722 353 815 ὄὶοκηοιν
365 728 486 812 μαθὼν
500 724 560 796 otiu
570 728 752 815 ἐπέτρεψεν
822 732 894 798 dius
923 733 1004 799 adeo
1032 753 1144 797 novam
1168 732 1229 794 vim
1251 726 1359 813 prohi-

215 823 304 914 αὐτῷ
335 828 394 896 ἐπὶ
427 833 529 898 πλέον
561 828 751 923 αὐξηθῆναι.
821 834 907 914 buit,
940 843 977 900 ut
998 835 1110 900 referri
1131 826 1298 919 praesidis
1312 829 1360 894 eis

217 928 407 1015 πυθόμενος
428 933 465 1000 δὲ
484 940 581 1000 τοῦτο
608 931 751 1021 ὁΚορβ.
821 936 967 1001 Rhenum
993 937 1128 1020 juberet
1157 972 1197 982 —
1227 932 1286 998 llle
1316 969 1357 982 -

216 1030 394 1121 ἐπανῆλθε,
418 1042 616 1103 τοσοῦτον
630 1037 751 1122 μόνον
821 1037 903 1100 nihil
922 1037 1012 1100 aliud
1034 1038 1230 1120 prolocutus.
1262 1052 1358 1119 quam

216 1131 356 1201 εἰπεὶν·
380 1127 613 1225 ὦμακάριοι
628 1136 664 1206 oi
680 1139 751 1207 πά·
822 1143 923 1204 beatos
944 1141 1101 1224 quondam
1122 1140 1214 1203 duces
1236 1137 1360 1200 aoma-

215 1238 281 1304 λαι
317 1237 418 1305 ποτὲ
453 1241 750 1331 οτραεηγήοαν-
822 1264 876 1306 nor
891 1243 1017 1326 signum
1033 1240 1175 1326 receptui
1190 1239 1286 1305 dedit.
1313 1236 1361 1302 ut

215 1362 295 1418 τες,
319 1337 353 1416 ἐς
368 1336 517 1426 δήλωσιν,
541 1339 592 1410 ὅτι
607 1350 678 1424 τοῖς
691 1347 751 1430 μὲν
822 1351 928 1409 temen
958 1344 1050 1409 miles
1080 1343 1179 1409 otium
1216 1344 1360 1419 exueret,

215 1434 392 1520 ἀκινδύνως
406 1437 472 1507 κτὲ.
515 1449 591 1509 τῶν
610 1446 751 1528 μέντοι
821 1447 902 1509 inter
918 1447 1043 1510 Mosam
1060 1444 1245 1508 ethenum
1261 1441 1359 1506 trium

216 1539 424 1609 ἐπινικίων
456 1543 521 1611 καὶ
552 1538 603 1626 ὣς
631 1544 750 1631 ἔτυχε.
821 1557 851 1610 ιλ
872 1547 986 1629 siponti
1010 1547 1131 1610 milium
1161 1546 1261 1628 spatio
1288 1545 1361 1624 sor·

216 1643 410 1724 πιστευθεὶς
432 1646 467 1713 δὲ
484 1646 585 1716 πάλιν
599 1648 637 1717 τὸ
655 1649 752 1738 στρά-
821 1670 889 1714 εοιο
923 1649 1090 1730 perduxit,
1134 1667 1198 1731 qua
1234 1649 1363 1712 incerte

214 1772 317 1832 τεομα
339 1746 392 1813 καὶ
416 1744 511 1816 οὐδὲν
538 1740 635 1839 ἧττον
660 1746 752 1839 ἤσκει
822 1750 940 1816 Oceani
973 1755 1166 1813 vetarentur.
1221 1748 1363 1832 insipnia

215 1844 306 1926 ου’τό,
327 1849 382 1916 καὶ
404 1848 520 1939 ἐπειδή
542 1876 578 1937 ya
599 1849 750 1940 εἶρήνοιν,
823 1863 926 1917 tomen
952 1850 1104 1933 triumphi
1125 1850 1255 1916 indulsit
1280 1851 1363 1915 an-

217 1948 483 2039 διετάφρευοε
532 1949 582 2020 δι’
625 1950 752 2022 αὐτῶν
821 1976 896 2030 ιον,
933 1954 1078 2038 quamvis
1112 1952 1229 2019 bellum
1263 1973 1362 2037 nega·

216 2057 294 2117 πᾶν
314 2051 359 2119 τὸ
380 2053 527 2136 μεταξὺ
541 2061 611 2121 τοῦ
625 2052 752 2145 τεῬή-
822 2057 927 2121 visset.

215 2177 280 2219 νου
302 2153 367 2221 καὶ
389 2162 456 2222 τοῦ
479 2153 633 2237 Μόοοο,
655 2181 751 2224 οτα-

215 2252 327 2335 δίοος
370 2254 642 2345 ἑβδομήκοντα
685 2259 752 2326 καὶ

213 2353 358 2439 ἑκατὸν,
371 2356 516 2442 μάλιστα
526 2361 581 2426 ἵνα
591 2359 636 2448 μὴ
645 2357 676 2427 ol
690 2385 753 2428 πο-

213 2458 313 2543 ταμοὶ
329 2459 363 2526 ἐν
377 2465 418 2549 τῇ
432 2467 491 2528 τοῦ
504 2456 654 2528 Ὠκεανοῦ
669 2464 753 2551 πλη-

212 2557 323 2648 μυρίδι
343 2557 551 2651 οἷναῤῥέονκες
573 2561 753 2649 πελαγίζω-

213 2687 273 2731 σιν.

301 2808 393 2892 Apud
415 2807 558 2874 Tacitum
582 2808 681 2891 igitur
703 2828 764 2870 non
787 2807 979 2883 invenimus,
1006 2804 1120 2867 iterum
1145 2804 1361 2872 Corbulonem

212 2912 365 2975 exercitui
389 2913 607 2994 praepositum
631 2930 708 2985 esse,
731 2914 764 2972 et
785 2907 937 2983 dubitem,
960 2927 1001 2968 an
1025 2925 1063 2968 ex
1086 2905 1142 2969 illo
1165 2906 1266 2970 Taciti
1290 2909 1362 2988 „in-

212 3019 301 3076 certa
317 3012 465 3091 Oceani“,
489 3012 606 3095 aliquis
627 3009 722 3074 illud:
746 3008 800 3072 ἵνα
814 3007 859 3093 μή
874 3001 906 3070 οἱ
923 3003 1069 3088 ποταμοὶ
1090 3000 1153 3070 avi.
1170 3008 1362 3092 depromere

211 3118 343 3278 posseile
366 3213 486 3296 nuptiis
508 3220 540 3276 et
561 3212 711 3276 caedibus
735 3209 924 3274 Messalinae
946 3214 979 3271 et
1000 3207 1067 3271 Silii
1086 3207 1144 3272 1)ιό
1161 3214 1209 3274 31.
1228 3216 1256 3274 3.
1281 3213 1358 3278 Tac.

210 3315 265 3381 XI.
290 3321 329 3378 28
353 3336 397 3396 sq.
422 3315 550 3378 omnino
577 3312 797 3386 consentiunt,
828 3309 939 3393 paucis
966 3308 1060 3391 plano
1091 3304 1360 3395 discrepantibus,

211 3437 228 3480 e
251 3415 366 3500 quibus
389 3414 448 3479 hoc
470 3434 567 3478 unum
590 3412 769 3496 exemplum
792 3430 925 3492 ponam:
960 3409 1143 3488 Claudium,
1167 3412 1278 3478 Tacito
1299 3435 1359 3480 au-

210 3524 313 3595 ctore,
336 3516 483 3581 sacrificii
506 3535 620 3591 causa,
651 3514 767 3589 Dione,
795 3513 840 3575 rei
864 3511 1090 3575 frumentariae
1113 3533 1210 3576 causa
1232 3515 1358 3583 Ostiam

210 3618 386 3702 profectum
409 3638 487 3682 esse.

297 3737 343 3799 ue
365 3733 641 3818 congressionibus
663 3733 857 3817 Agrippinae
878 3750 951 3794 oum
974 3728 1108 3794 Claudio
1129 3731 1238 3815 aliquo
1260 3739 1359 3804 modo

210 3839 432 3903 consentiunt:

477 3977 484 3988 .
972 3965 998 4028 Τ
1038 4013 1044 4027 .
1134 4015 1139 4028 Ι
1185 4017 1192 4032 υ

207 4072 428 4163 Ἀγριππῖνον
445 3975 547 4162 Ιέλλὲμε
562 4111 603 4121 -
618 4067 747 4156 καὶγὰρ
817 3965 1357 4159 praevalueraechabldladintadgrip.

210 4176 291 4265 καλὴ
307 4169 345 4266 ἦν
365 4175 432 4242 καὶ
454 4179 623 4258 συνεχῶς
645 4166 748 4256 αὐτῷ
816 4169 910 4253 picae
926 4166 1090 4246 illecebris,
1111 4188 1194 4250 quae
1214 4173 1256 4236 ad
1280 4195 1356 4242 eum
