2926 4776
710 249 749 310 35

214 433 274 499 Dio
298 433 408 499 LXVI.
435 438 461 497 l.
625 432 699 496 Tau.
722 431 764 495 ΙΙ.
788 436 838 496 78.
1053 430 1140 496 Suet.
1165 436 1194 495 5.

158 531 411 619 κυπάρισσός
474 557 515 598 ss
553 554 714 616 cupressus
750 532 844 595 orbor
876 533 909 596 in
944 533 1040 599 arbor
1081 552 1208 616 quoque
1251 552 1304 597 cu·

160 635 385 724 περιφανὴς
412 631 515 721 πρόῤ-
554 636 639 719 agris
654 634 731 717 ejus,
744 633 910 716 conspicuo
943 655 1071 719 pressus
1083 635 1114 698 in
1129 654 1206 716 agro
1219 634 1305 699 avito

159 735 517 826 ῥιζοςῦπὸσφοδροῦ
553 736 735 814 altitudine,
779 741 910 819 repento
943 736 1010 800 sine
1031 736 1098 799 aller
1128 735 1158 799 oi
1184 741 1305 820 tempe·

159 837 393 925 πνεύματος
436 833 516 904 ἄνα·
553 838 910 923 procideratoopostero
944 837 1039 902 statis
1061 837 1185 901 evulsa
1219 836 1305 902 radi-

158 947 338 1029 τραπεῖσα,
375 939 517 1010 ἔπειτα
552 941 618 1019 die,
653 941 757 1004 eodem
786 939 911 1022 oeetiys‘o
945 940 1028 1004 citus
1061 977 1103 987 —-
1133 938 1308 1023 insequenti

158 1050 204 1132 τῇ
233 1040 424 1132 ὑστεραίᾳ
455 1037 515 1131 ὑφ’
552 1064 727 1125 resurqens,
742 1050 912 1124 proceraet
946 1040 996 1105 dis
1022 1040 1154 1105 viridior
1182 1063 1221 1104 οο
1237 1040 1305 1124 fir·

160 1142 311 1233 ἑοοτῆς
361 1139 516 1232 ἀνέστη
553 1145 647 1209 altior
669 1145 797 1208 virebat.
945 1143 1027 1208 mins
1047 1142 1231 1207 resurrexit.

158 1246 222 1313 καὶ
286 1243 518 1328 ἀκμάζουσα

159 1348 369 1416 διετέλεσε.

245 1487 314 1553 Ηοο
335 1507 355 1551 a
378 1486 478 1552 Dione
500 1486 683 1552 accuratius
706 1489 878 1551 narratur:

158 1727 236 1806 βοῦς
250 1745 286 1786 το
306 1700 366 1808 γὰο
388 1621 500 1808 tpvloioi
521 1717 632 1810 ἀγρῷ,
655 1719 695 1790 ἐν
728 1652 732 1754 ⁸
766 1729 921 1788 coenante
948 1619 1166 1800 riiseiif’bos
1195 1727 1306 1787 arator

159 1814 276 1910 ᾧτὴν
299 1819 457 1890 δίαιταν
480 1818 696 1914 otgatium
767 1825 898 1891 decusso
921 1824 1000 1907 jugo
1028 1824 1201 1888 triclinium
1223 1825 1306 1889 irru-

158 1923 356 2007 ἐποιεῐτο,
381 1927 570 1994 δειπνοῦντι
590 1951 696 2015 προσ·
766 1928 824 2012 pit,
846 1947 885 1991 ao
907 1925 1026 2009 iugatis
1042 1923 1196 1992 ministris
1211 1926 1304 2010 quasi

157 2025 267 2093 ελθώο
289 2022 411 2117 &stole
432 2026 488 2094 καὶ
515 2027 574 2118 τὴν
595 2053 696 2118 κοφο-
766 2036 896 2115 repente
920 2027 1063 2094 defessus
1085 2032 1145 2095 eto.
1259 2099 1265 2110 ¹

157 2127 215 2217 tile
236 2125 303 2195 ὑπὸ
319 2130 396 2210 τοὺς
410 2127 518 2209 πόδας
532 2125 693 2218 ὑπέθηκε.

245 2270 381 2354 Reliqua
411 2271 460 2336 ita
488 2269 707 2349 consentiunt,
743 2274 780 2333 ut
812 2287 830 2333 e
859 2266 1012 2333 Suetonio
1045 2264 1175 2331 fluxisse
1204 2264 1307 2332 videri

160 2371 291 2452 possint.

245 2469 377 2535 Summa
398 2471 496 2555 igitur
523 2473 673 2552 efficitur,
706 2471 898 2557 paucissima
927 2475 1055 2536 tantum
1083 2468 1230 2554 prodigia
1258 2470 1307 2534 ita

160 2571 310 2637 instituta
331 2592 408 2652 esso,
431 2579 467 2637 ut
488 2593 528 2638 ex
548 2577 618 2659 ipso
633 2575 785 2641 Suetonio
800 2578 929 2656 sumpta
944 2592 1012 2637 esse
1034 2571 1211 2646 adeuntur,
1235 2570 1306 2655 plu-

160 2673 243 2737 rima
264 2675 324 2753 ita,
347 2682 384 2739 ut
406 2677 581 2741 communis
602 2677 674 2741 fons
697 2676 833 2761 (Plinius
850 2675 892 2758 1))
913 2673 1103 2738 statuendus
1124 2675 1176 2737 sit.

634 2924 836 2935 -—-——..-...

244 3139 317 3206 Jam
333 3139 477 3221 quaestio
493 3138 611 3218 existit,
633 3157 654 3203 a
675 3158 738 3221 quo
761 3138 827 3203 fers
848 3158 933 3205 anno
949 3139 1073 3206 Plinius
1087 3140 1306 3224 historiarum,

161 3262 201 3323 „a
222 3242 285 3306 tine
307 3239 427 3305 Aufidii
450 3240 542 3305 Bassi
563 3241 697 3323 triginta
720 3245 821 3306 unus“
846 3241 1088 3327 inscriptorum,
1110 3243 1239 3309 initium
1261 3243 1306 3308 l·

161 3344 257 3420 osrit3
293 3363 368 3407 nam
396 3363 490 3426 quem
520 3342 561 3407 ad
589 3341 684 3407 finem
709 3342 854 3409 Aufidius
877 3343 996 3409 Bassus
1025 3364 1104 3429 opus
1133 3346 1306 3412 adduxerit

160 3465 224 3509 non
240 3443 392 3509 traditum
409 3451 467 3509 est.
506 3443 640 3510 Carolus
655 3443 836 3530 Nipperdey
850 3450 887 3526 ¹),
909 3445 984 3511 inde
1007 3467 1027 3511 a
1049 3447 1184 3528 Nerone,
1207 3469 1305 3532 quum

159 3547 191 3611 in
214 3545 373 3630 prioribus
396 3545 486 3611 libris
509 3545 632 3612 Plinius
659 3565 679 3611 a
706 3547 817 3612 Tacito
846 3548 937 3613 testis
967 3567 1031 3613 non
1061 3547 1244 3633 proteratur
1272 3554 1306 3615 et

232 3759 253 3827 ¹)
289 3758 330 3810 De
348 3774 402 3825 quo
421 3755 556 3826 cogitanti
573 3757 642 3810 mihi
659 3775 714 3812 non
727 3759 800 3813 torte
813 3760 1076 3830 accidissevidetur‚
1096 3765 1127 3815 nt
1141 3761 1193 3816 Dio
1206 3763 1305 3831 omina,
1345 3747 1349 3752 ⁵

159 3843 259 3912 quibus
278 3841 380 3896 Othoni
399 3848 428 3896 et
444 3844 557 3899 Vitellio
574 3845 721 3914 imperium
739 3847 925 3917 significatum
950 3849 1000 3918 sit,
1027 3865 1091 3903 nam
1115 3848 1229 3917 habeat,
1256 3850 1305 3905 sed

159 3932 233 3985 mala
250 3934 359 3984 tantum
376 3930 411 3984 iis
428 3932 561 3986 aooidisse
579 3937 682 3999 narret,
700 3949 754 4002 qua
769 3951 800 3988 re
817 3935 963 4006 illegitima
976 3952 1071 3991 eornm
1083 3937 1305 4006 impensiones,

158 4035 210 4073 neo
228 4017 378 4072 rebellasse
395 4017 608 4089 Vespasianum,
638 4019 757 4075 fortusse
773 4021 880 4077 Plinius
899 4023 1088 4077 demonstrare
1104 4023 1201 4080 voluit.
1236 4023 1305 4079 onir.

159 4104 259 4159 Nissen
277 4121 302 4158 a.
322 4104 340 4157 l.
358 4120 384 4173 p.
403 4107 455 4160 ola
474 4122 514 4174 sq.

230 4191 251 4259 ¹)
285 4191 373 4261 prael.
393 4193 435 4248 od.
453 4193 518 4247 Tse.
536 4193 582 4250 Vl.
600 4209 663 4264 pag.
683 4195 769 4255 XXV.
788 4195 841 4252 Rh.
859 4195 930 4252 Mus.
948 4193 1033 4252 XVII.

1035 4299 1071 4355 3*
