2926 4776
713 241 754 303 34

162 419 236 485 inde
260 420 479 486 Alexandrina
500 421 590 487 nauis
612 429 670 487 etc.
715 423 819 503 Quum
852 429 959 491 autem
988 426 1084 494 illud:
1113 424 1252 516 ἡμιονός
1276 457 1316 498 τε

162 515 268 586 ἔτεκεν
288 516 354 587 uri.
378 544 398 589 a
419 522 572 589 Suetonio
594 524 768 608 discrepet,
800 532 833 591 et
855 528 1026 612 praecipue
1049 552 1147 614 quum
1170 555 1232 599 vox
1253 536 1314 602 illa

160 620 216 687 καὶ
239 621 278 688 σὺ
299 623 411 692 τέκνον
432 620 496 690 nri.
518 647 539 690 a
561 625 713 692 Suetonio
737 629 879 712 Augusto
903 629 1083 711 tribuatur,
1111 654 1131 698 a
1155 635 1256 703 Dione
1279 644 1314 704 et

163 724 288 807 Tacito,
310 748 385 794 ann.
411 728 464 795 Vl.
489 733 530 792 20
551 728 687 810 Tiberio,
710 729 821 797 dubito
844 752 886 795 an
908 732 1119 800 statuendum
1139 738 1191 818 sit,
1213 739 1270 805 ilia
1293 762 1311 806 e

161 827 312 896 Suetonio
335 851 403 899 esse
423 831 549 897 hausta.

248 969 391 1036 Alterum
412 971 639 1057 prodigiorum,
660 976 796 1037 mortem
813 971 948 1040 Othonis
962 975 1173 1044 iudicantium
1195 982 1309 1048 aSue·

160 1071 248 1138 touio
271 1072 440 1158 discrepat,
462 1074 564 1141 enin:

346 1209 405 1274 Dio
429 1215 458 1273 7.
486 1215 512 1273 l.
1046 1262 1053 1278 .
1098 1263 1105 1278 .

159 1304 277 1375 θύοντί
297 1332 334 1374 τε
354 1306 414 1395 γὰρ
428 1304 516 1398 αὐτῷ
530 1306 588 1398 τὴν
604 1306 695 1396 operi-
765 1311 921 1395 postridie
935 1212 1061 1398 anolipiie
1073 1215 1106 1381 iu
1118 1317 1302 1400 augurando

158 1435 217 1498 την
247 1407 368 1477 θυσίαν
395 1410 437 1477 τὰ
467 1407 537 1498 ἱερὰ
568 1409 695 1500 πονηρὰ
765 1418 956 1508 tempestate
978 1421 1049 1480 orta
1070 1421 1212 1500 graviter
1231 1440 1305 1504 pro·

159 1507 269 1601 ὤφθη,
292 1508 369 1580 ὥστ’
384 1510 482 1581 αὐτὸν
496 1511 695 1600 μεταγνόντα
764 1511 888 1599 lapsum
921 1515 1093 1582 identidem
1120 1518 1304 1584 obmurmu-

158 1612 218 1682 ἐπὶ
232 1621 303 1695 τοῖς
313 1617 557 1704 πεπραγμένοις
568 1611 692 1683 εἰπεῖν·
765 1637 866 1683 rasse:
893 1611 936 1682 Ti
949 1610 1009 1704 γάρ
1023 1639 1081 1701 μοι
1095 1616 1150 1684 καὶ
1164 1623 1302 1706 μακροῖς

158 1714 192 1784 τί
212 1719 272 1804 γάρ
292 1743 334 1802 με
351 1714 418 1786 ἔδει
431 1722 569 1806 μακροῖς
582 1713 695 1798 αὐλοῖς
765 1712 894 1802 αὖλσῖςς

157 1814 284 1904 udicis,
306 1818 377 1889 ἔστι
399 1821 552 1889 δὲταῦτα
574 1816 640 1887 uri.

158 1949 295 2015 alterum
325 1952 484 2017 consentit
512 1951 590 2016 cuir.
616 1950 675 2015 Dio
704 1947 758 2014 καὶ
786 1945 869 2032 μετὰ
898 1954 996 2016 τοῦτο
1024 1956 1084 2040 τῆς
1103 1952 1218 2035 νυκτὸς
1239 1952 1305 2025 asi.

159 2051 246 2117 Suet.
272 2058 302 2117 7.
324 2053 445 2119 dicitur
466 2074 506 2119 ea
529 2057 620 2119 nocte
642 2074 700 2137 per
722 2054 862 2136 quietem
886 2062 946 2120 etc.

241 2190 424 2274 Prodigium
445 2195 520 2255 ante
535 2190 691 2275 proelium
706 2189 796 2275 prius
812 2189 1024 2257 Cremonense
1039 2193 1160 2260 factum
1182 2218 1200 2261 e
1222 2217 1308 2263 com-

157 2294 246 2357 muni
268 2291 355 2358 fonte
384 2291 530 2372 fluxisse,
553 2313 666 2377 supra,
688 2292 799 2358 Tacito
829 2294 972 2373 conlato,
1005 2295 1302 2364 demonstravimus.

158 2394 239 2509 Item
261 2394 319 2460 illa
338 2395 433 2460 LXV.
461 2399 507 2459 16.
528 2401 554 2458 1.
577 2396 776 2479 excerpendo
798 2395 931 2463 confusa
952 2417 1019 2463 esee
1040 2398 1201 2479 videntur,
1223 2401 1303 2465 onir.

158 2516 244 2560 enim
256 2515 263 2560 ε

391 2635 462 2702 Dio.
643 2686 646 2691 ,
919 2640 994 2705 Tac.
1019 2639 1077 2706 111.
1101 2642 1150 2703 56.

158 2731 322 2814 θύσαντος
351 2733 410 2823 γὰρ
443 2730 544 2802 αὐτοῦ
573 2734 696 2804 θυσίαν
761 2740 958 2806 concionanti
964 2741 1192 2826 (prodigiosum
1203 2739 1301 2822 dictu)

157 2835 246 2920 τινά,
268 2837 324 2903 καὶ
345 2832 399 2904 ἐπ’
421 2835 503 2926 αὐτῇ
524 2839 544 2904 d
551 2862 697 2932 ημηγσ-
763 2850 883 2906 mnium
898 2843 1064 2919 foedorum
1077 2843 1233 2904 volnerum
1252 2863 1301 2903 εα-

158 2944 322 3026 ρσῦντσς
363 2943 435 3018 τοῖς
471 2936 696 3027 στρατιώταις,
759 2941 966 3024 per-solitarii,
984 2948 1022 3005 ut
1037 2940 1119 3005 nube
1133 2946 1205 3004 atra
1217 2942 1302 3003 diem

158 3048 281 3129 γῦπες
319 3039 470 3108 πολλοὶ
507 3063 696 3127 προσπε-
762 3042 981 3109 obtenderent.
1028 3042 1168 3107 Accessit
1196 3039 1300 3104 dirum

159 3142 295 3221 σόντες
316 3139 365 3209 τά
386 3168 427 3211 τε
449 3139 533 3231 ἱερὰ
548 3143 698 3211 διεσκέ-
763 3165 865 3224 emen,
886 3146 1043 3228 prosaque
1064 3143 1218 3207 altoribus
1234 3152 1302 3206 tcu-

159 3247 283 3312 ὁασαν
313 3243 369 3309 καὶ
399 3243 522 3314 ἐκεῖνον
550 3236 620 3311 ἇπὸ
640 3250 698 3310 τοῦ
765 3268 837 3324 ναι,
872 3246 1002 3328 disjecto
1028 3244 1179 3329 sacrificii
1200 3245 1303 3327 adpo-

158 3343 305 3436 βήματος
313 3342 425 3432 ὀλίγον
433 3349 501 3415 δεῖν
509 3347 697 3432 κατέβαλον.
768 3357 841 3413 ratu
863 3354 923 3414 etc.

245 3514 355 3598 Neque
385 3514 464 3580 haec
491 3513 576 3596 apud
603 3510 807 3590 Suetonium,
840 3530 943 3595 neque
966 3509 1023 3576 illa
1044 3533 1065 3577 a
1089 3511 1187 3578 Dione
1213 3533 1261 3597 cp.
1284 3519 1303 3578 8

160 3624 294 3683 narrata
315 3616 403 3703 apud
423 3615 569 3680 Tacitum
592 3620 624 3678 et
646 3613 832 3679 Suetonium
855 3613 1070 3680 inveniuntur.

245 3752 361 3818 Omina
383 3752 424 3817 ad
451 3750 620 3834 imperium
644 3740 832 3834 Vespasiani
858 3751 1036 3835 spectantia
1064 3765 1103 3816 eo·
1131 3752 1219 3832 loco,
1250 3752 1304 3817 ubi

160 3855 194 3920 in
216 3861 346 3921 auctore
369 3868 427 3920 suc
449 3852 578 3930 invenit,
602 3852 736 3917 Dionem
757 3852 910 3930 omisisse,
926 3873 1025 3935 snpra
1040 3853 1187 3931 diximus,
1210 3853 1304 3916 etad

160 3957 291 4022 verbum
314 3959 348 4021 in
370 3953 531 4021 nonnullis
553 3954 742 4019 enarrandis
763 3975 835 4019 cum
853 3953 965 4018 Tacito
987 3957 1155 4031 consentit,
1179 3954 1224 4028 (in
1236 3952 1305 4034 qni·

161 4058 221 4124 bus
251 4057 437 4126 Suetonium
467 4077 530 4121 non
561 4075 629 4121 esso
658 4055 837 4121 adhibitum
866 4055 928 4119 hac
949 4056 1185 4138 comparatione
1208 4072 1306 4136 eppe-

162 4159 278 4243 rebit):
