2926 4776
159 455 176 499 e
199 434 312 517 quibus
334 432 395 498 Dio
418 454 479 499 non
502 433 628 514 hausit,
660 435 822 502 nonnullis
844 435 920 500 locis
942 436 1018 499 item
1042 435 1201 500 variorum
1225 435 1300 500 sori·

158 542 286 620 piorum
310 535 486 601 sententias
507 538 801 622 transscripserunt.
847 537 1001 604 conferas
1023 536 1125 602 euim:

256 671 316 738 Ilio
339 672 437 737 LVII.
461 676 489 738 3.
515 679 529 738 1
555 694 600 758 sq.

158 769 230 840 ὁδ’
251 763 307 840 οὖν
328 771 478 860 Τιβέριος
498 778 601 841 ταῦτα
622 771 697 843 τότε

160 873 283 957 ἐποίει,
305 871 345 940 τὸ
365 874 425 958 μὲν
446 877 620 959 πλεῖστον,
644 874 697 944 ὅτι

160 975 245 1046 οὕτω
272 1002 309 1045 τε
337 975 494 1066 ἑπεφίπει
525 977 581 1046 καί
602 975 697 1054 ,οὕτω

161 1077 337 1168 προῄρετο,
367 1075 428 1168 ἤδη
451 1080 564 1148 δὲκαὶ
585 1077 696 1151 ὅτιτί

159 1207 195 1249 τε
217 1179 451 1269 στρατεύματα,
472 1182 529 1249 καὶ
549 1181 591 1251 τὰ
604 1191 697 1251 Παν-

159 1282 270 1352 νονικὰ
289 1282 345 1349 καὶ
363 1281 405 1350 τὰ
417 1284 600 1372 Γερμανικὰ
613 1283 694 1354 ὖπε·

159 1383 274 1468 τόποι,
312 1384 368 1452 καί
403 1385 460 1453 τὸν
496 1386 695 1476 Γερμανικὸν

159 1493 217 1577 τῆς
234 1512 270 1554 τε
279 1485 459 1576 Γερμανίας
479 1484 617 1578 ίίρχοντα
639 1488 695 1558 καὶ

159 1589 354 1680 φιλούμενον
374 1586 431 1657 ὑπ’
449 1586 554 1658 αὐτῶν
569 1590 695 1660 ἐδεδίει.

159 1689 236 1773 τοὺς
264 1689 416 1778 μὲνγὰρ
448 1674 550 1783 ἕν’τῇ
574 1687 697 1783 Ἰταλίᾳ

160 1791 226 1860 nri.
269 1786 695 1885 ἤδημίνμὰρῆκουσα,

159 1893 213 1962 ὅτι
234 1892 349 1982 ἐπειδὴ
371 1890 391 1984 ἡ
413 1893 541 1988 Λιουία
561 1891 698 1979 ἄκοντος

159 2003 218 2065 τοῦ
229 1992 428 2084 Αὐγούστου
441 1994 499 2086 τὴν
521 1992 619 2087 ἀρχὴν
640 1994 698 2066 αυ-

159 2105 206 2188 τῷ
234 2099 531 2188 περιπεποιηκέναι
557 2099 696 2187 ἐλέγετο,

160 2199 330 2283 ἔπλαττεν,
353 2196 446 2281 ὅπως
464 2199 509 2290 μὴ
521 2196 600 2288 παρ’
614 2199 697 2270 ἐκεί·

944 673 1018 740 Tae.
1042 674 1067 739 1.
1090 679 1118 738 7.

763 1102 862 1149 causa
875 1082 1050 1167 praecipua
1065 1102 1104 1145 ex
1120 1082 1300 1164 formidine,

764 1205 804 1250 na
818 1183 1033 1260 Germanicus,
1049 1183 1082 1246 in
1097 1184 1189 1265 cujus
1204 1204 1302 1249 manu

764 1279 989 1376 intingimus,
1022 1284 1177 1350 immensa
1202 1287 1303 1352 sooio-

765 1409 837 1454 rum
859 1387 991 1468 euxilis‚
1013 1388 1114 1452 mirus
1135 1388 1222 1472 apud
1244 1409 1303 1473 po-

764 1490 875 1575 pulum
886 1489 985 1567 favor,
1001 1490 1118 1555 habere
1133 1490 1302 1574 imperium

765 1598 862 1675 qu'sm
883 1597 1069 1675 exspectare
1091 1591 1212 1657 mallet.

765 1794 864 1860 dabat
892 1800 926 1858 el
954 1793 1074 1874 famae,
1107 1799 1144 1859 ul
1172 1802 1304 1861 vocatus

765 1896 948 1980 electusque
970 1897 1077 1981 polius
1098 1917 1120 1961 a
1140 1897 1305 1981 republica

764 1997 935 2078 videretur,
958 2019 1055 2083 quam
1077 2019 1135 2084 per
1156 1999 1303 2065 uxorium

764 2099 922 2166 ambitum
951 2107 984 2166 et
1012 2101 1107 2166 senili
1133 2101 1304 2186 adoptione

764 2200 940 2286 irrepsisse.

160 2329 231 2393 νης,
262 2303 318 2371 καί
345 2304 406 2391 γὰρ
428 2299 515 2369 πάνυ
537 2300 619 2393 αὐτῇ
640 2299 697 2394 iix-
774 2343 781 2353 ι

160 2411 257 2487 θετο,
282 2401 366 2472 ἀλλὰ
388 2403 479 2490 παρὰ
499 2411 558 2494 τῆς
579 2406 698 2493 βουλῆς

159 2502 371 2593 ἀναγκαστός,
394 2500 440 2584 ὦς
460 2505 517 2573 καὶ
536 2501 606 2574 κατ’
625 2502 698 2593 ἄρε-

159 2606 218 2699 τήν
247 2631 339 2698 σφων
370 2605 538 2698 προήκων,
577 2604 698 2692 δόξειεν

159 2706 259 2800 αὐτὴν
280 2705 467 2798 είληφένοιε
489 2707 556 2775 καί
577 2732 698 2794 προσ-

160 2815 218 2882 έτι
251 2810 319 2879 καὶ
353 2810 495 2893 ἐκεῖνο,
536 2807 589 2879 ὅτι
622 2809 699 2892 τούς

158 2912 358 3004 ἀνθρώπους
398 2909 482 3001 ὁρῶν
520 2907 699 3002 ἀλλοτρίως

159 3001 263 3107 ἑαυτῷ
297 3013 429 3100 ἔχοντας
462 3014 610 3099 διέμελλε
641 3014 699 3083 καὶ

159 3123 275 3210 στῆμεν,
293 3115 385 3198 ὅπως
399 3114 444 3207 μὴ
459 3114 651 3206 φθάσαντές
664 3142 698 3186 τι

159 3218 394 3306 νεωχμαίσωσιν
420 3215 534 3287 ἑλπίδι
561 3218 698 3286 soriani

159 3321 352 3392 ἐθελούσιον
382 3319 480 3412 ου’τὸν
507 3319 566 3411 τὴν
598 3315 697 3411 ἀρχὴν

158 3423 314 3516 ἀφήσειν,
347 3424 458 3511 νέκυς
483 3413 521 3490 οὗ
543 3421 697 3514 linearis

159 3522 259 3617 αὐτῆς
280 3525 335 3594 διὰ
357 3521 491 3591 πάντων
512 3522 647 3611 ἐγένετο.

764 2715 876 2794 peslea
896 2711 1060 2794 cognitum
1086 2716 1152 2789 est,
1184 2711 1226 2777 ad
1253 2713 1301 2777 in-

765 2812 998 2896 trospiciendas
1019 2813 1116 2878 eliam
1134 2833 1300 2897 procerum

765 2913 948 2980 voluntates
978 2914 1142 2981 inductam
1175 2915 1301 2981 dubita·

765 3016 895 3083 tionem.

243 3674 304 3738 Dio
326 3694 353 3738 ο.
380 3677 427 3736 14.
449 3668 506 3736 καὶ
526 3670 705 3755 τοῦτομὲν
726 3673 894 3758 (pecuniae
922 3673 1047 3754 divisio)
1076 3677 1123 3760 τῷ
1151 3671 1300 3760 προτέρῳ

158 3771 223 3844 ἔτει
252 3772 409 3860 γενέσθαι
436 3770 542 3869 τινὲς
572 3772 737 3858 λέγουσι.
787 3797 835 3860 cp.
860 3778 899 3839 22
923 3775 1091 3861 (Liviam),
1124 3769 1167 3862 ἤν
1193 3798 1300 3852 τινες

157 3877 341 3945 Λιουίλλαν
361 3868 581 3958 ὀνομάζουσιν.
617 3876 895 3944 Lv111.11.7.-
909 3874 967 3964 τὴν
987 3872 1172 3943 Λιουίλλαν
1194 3870 1299 3944 ἀπέκ-

157 4005 268 4049 τεινεν.
312 3972 386 4066 ἤδη
416 3976 457 4042 δὲ
486 3969 648 4065 ἤκουσα,
685 3973 738 4047 δτι
767 3977 889 4058 ἐκεῖνος
915 3976 976 4063 μὲν
1005 3971 1104 4066 ου’τῆς
1132 3974 1296 4067 ἐφείσατο,

157 4079 238 4173 oriri)
260 4082 297 4151 δὲ
317 4087 337 4170 ἠ
354 4073 513 4147 Ἀντωνία
534 4072 599 4145 asi.
