2926 4776
708 231 749 293 38

243 418 333 498 Quod
364 416 493 501 quidem
521 415 695 480 rectissime
726 415 767 478 ah
797 414 835 478 iis
863 411 1061 495 disputatum
1084 433 1152 478 esse
1173 417 1305 498 putans,

157 521 190 584 in
223 519 306 585 hauc
338 520 473 586 formam
506 536 661 582 summam
696 516 968 600 comparationum
1002 513 1130 578 illarum
1160 516 1305 600 redigere

160 622 279 688 ausim:
305 621 448 701 Dionem,
470 620 561 684 utin
583 618 656 682 vitis
676 616 807 697 Galbae,
830 616 964 681 Othonis
986 622 1019 680 et
1033 617 1153 682 Vitellii
1176 619 1305 684 demon·

158 731 275 789 strasse
298 723 389 790 uobis
410 722 564 801 ridemur,
587 721 634 785 ita
655 722 688 785 in
710 721 778 785 vita
793 719 910 784 Tiberii
932 717 1141 784 describenda
1161 719 1304 805 plurima

159 864 196 874 -
221 848 261 892 ne
283 826 387 892 dicam
406 825 514 891 omnia
531 862 570 872 -
586 842 626 886 ex
640 829 739 901 uno²)
763 821 916 904 scriptore
938 819 1091 898 hausisse,
1113 842 1206 903 quem
1230 843 1305 886 cum

157 928 229 994 ahie
250 929 381 994 Tacitus
409 932 442 992 et
462 924 633 991 Suetonius
662 924 887 991 adhibuerunt.
931 923 1022 1000 Quod
1048 944 1113 987 non
1142 928 1260 988 temere
1283 945 1305 988 a

158 1031 249 1096 nobis
271 1030 380 1109 statui,
402 1029 481 1095 haec
502 1026 700 1114 probabunt:

244 1133 380 1197 Restant
401 1130 488 1215 apud
511 1129 644 1194 Diouem
667 1129 801 1212 vestigia
824 1134 870 1207 (et
899 1128 1038 1214 plurima
1059 1126 1187 1212 quidem
1208 1127 1242 1192 in
1264 1127 1304 1191 li-

158 1233 224 1299 bris
245 1232 481 1312 LVII—LIX),
510 1232 625 1316 quibus
646 1238 797 1317 apparet,
827 1252 900 1296 eum
923 1251 1019 1314 opere
1041 1250 1132 1295 usum
1154 1249 1237 1307 esse,
1266 1228 1301 1292 iu

159 1357 222 1421 quo
245 1336 407 1400 variorum
428 1334 620 1418 scriptorum
644 1333 822 1397 sententiae
843 1331 1084 1415 diligentissime
1099 1334 1304 1415 comparatae

159 1444 191 1502 et
213 1437 387 1503 adnotatae
408 1442 509 1502 eraut.
556 1436 659 1514 Quam
681 1435 951 1520 comparationem
974 1453 994 1498 a
1016 1432 1117 1497 Dione
1138 1433 1224 1516 ipso,
1247 1432 1306 1515 qui

158 1539 327 1605 historiam
349 1539 527 1605 Romanam
548 1559 606 1623 per
626 1540 676 1602 tot
698 1536 827 1602 saecula
848 1535 996 1613 deduxit,
1024 1535 1203 1599 institutam
1225 1553 1307 1614 esse,

158 1662 222 1705 nou
245 1641 415 1707 verisimile
437 1646 486 1706 est
507 1647 540 1706 ct
561 1660 599 1706 eo
621 1638 789 1716 refellitur,
811 1638 896 1722 quod
911 1637 1041 1702 Tacitus
1066 1642 1099 1700 et
1124 1635 1308 1717 Suetonius,

159 1911 229 1964 quae
249 1911 281 1948 eo
300 1893 417 1948 fortasse
433 1890 569 1960 firmatur,
588 1894 620 1944 nt
638 1890 750 1945 nomina
769 1891 911 1945 consulum
929 1891 1045 1946 aDione
1063 1892 1221 1957 relatorum,
1241 1889 1316 1946 cum‘

158 1982 206 2047 iis,
237 1998 306 2051 quae
325 1979 502 2035 Cassiodorus
520 1995 554 2031 ex
570 1977 680 2032 Aufidio
699 1979 829 2047 sumpsit,
858 1981 1046 2048 consentiant,
1075 1997 1091 2032 a
1115 1979 1186 2033 serie
1211 1982 1309 2033 autem

159 2069 287 2138 Prosperi
305 2065 466 2134 saepissime
484 2063 649 2132 discrepent.

230 2166 251 2230 ¹)
286 2165 381 2233 Longe
411 2163 495 2216 aliam
524 2162 659 2217 rationem
689 2164 763 2218 inter
785 2163 902 2218 Dionem
925 2166 954 2217 et
976 2163 1102 2219 Tacitum
1127 2164 1311 2236 intercedere,

159 2251 288 2307 Octavius
312 2251 410 2305 (llason
439 2249 574 2320 (Gdtting.
600 2251 653 2321 gel.
679 2250 793 2319 Anzeig.
819 2253 895 2307 1874.
917 2269 944 2320 p.
972 2255 1019 2306 141
1047 2253 1098 2320 sq.)
1126 2268 1142 2305 a
1167 2268 1311 2320 compan-

159 2338 234 2393 tione
263 2355 280 2391 a
306 2338 421 2390 Thamm
451 2336 580 2390 instituta
606 2336 700 2391 efficit.
747 2336 825 2392 Hanc
848 2338 920 2390 anim
945 2355 1079 2391 summam
1097 2355 1158 2409 pag.
1182 2342 1250 2394 1145
1266 2357 1308 2410 sq.

160 2425 255 2480 affert:
286 2424 356 2492 „Die
372 2440 436 2477 vom
448 2423 592 2477 Vsrissser
610 2423 747 2492 (Thamm)
767 2422 1021 2493 zuriiclrgcwieseue
1039 2425 1309 2498 Schlnssiolgerung,

161 2516 299 2583 genannta
324 2510 470 2581 Anklinge
487 2511 692 2575 :ennnmmcen
718 2510 794 2564 einer
816 2511 979 2582 Beuutaung
1006 2513 1054 2567 des
1080 2513 1192 2567 Tacitus
1218 2514 1311 2569 selbst

160 2598 248 2654 durch
273 2598 325 2653 Dio
345 2627 379 2638 -
397 2599 469 2653 nach
492 2615 605 2653 unserer
628 2598 746 2653 Ausicht
771 2598 860 2652 naban
888 2599 965 2653 einer
991 2601 1095 2654 andern
1119 2600 1308 2670 Hauptquelle

161 2685 227 2741 Dios
246 2716 279 2727 -
298 2685 349 2740 hat
366 2702 401 2739 an
419 2687 477 2740 und
495 2684 539 2739 mr
557 2686 616 2740 sich
633 2686 724 2741 nichts
742 2686 1054 2754 unwahrschciuliches,
1079 2703 1159 2741 weun
1178 2703 1207 2740 ar
1223 2687 1310 2742 fiber·

161 2775 249 2844 haupt
266 2774 392 2829 mehrere
408 2772 524 2841 Quellen
541 2773 725 2843 gebrauchte3
749 2773 866 2843 srsilr'ct
885 2775 976 2828 werde
994 2775 1050 2827 Dio
1067 2774 1139 2828 ᾱαηη
1156 2804 1190 2814 -
1209 2774 1238 2827 in
1256 2793 1307 2829 aa·

159 2860 353 2932 yercctnliclser
378 2860 463 2913 Weiss
480 2859 523 2912 dis
538 2859 665 2914 Boriclsls
683 2861 880 2914 verschiedsasr
898 2867 1016 2914 Antoren
1043 2861 1235 2914 rcrsctmolsen
1257 2863 1307 2916 da·

162 2948 211 3001 ten
223 2977 266 3004 -.
286 2948 348 3002 Wir
365 2947 492 3001 kommcu
511 2949 569 3001 also
588 2965 622 3001 zu
635 2949 724 3001 einem
735 2964 805 3017 gans
818 2949 939 3002 anderen
951 2949 1088 3014 Resultat,
1107 2949 1147 3003 als
1159 2951 1208 3003 der
1221 2950 1308 3017 Veri,

162 3036 255 3089 indem
274 3036 324 3087 wir
340 3033 538 3089 verschiedene
555 3034 760 3103 Hauptqucllsu
778 3035 832 3088 mit
848 3036 1084 3106 {gelegentlichcm
1101 3037 1308 3091 Ausschreihen

162 3124 210 3177 des
228 3122 341 3177 Tacitus
361 3120 451 3176 durch
467 3121 519 3175 Dio
537 3121 698 3178 annehmeu.
734 3121 853 3176 Freilich
872 3123 950 3192 giebt
967 3153 1001 3163 -
1015 3123 1124 3192 (dieses)
1136 3142 1169 3177 su
1183 3123 1309 3179 derwei-

162 3213 240 3263 terea
259 3207 405 3262 Annahme
421 3207 534 3276 Aulass,
559 3209 621 3261 dass
639 3207 696 3261 Dio
713 3208 832 3261 scotticis
850 3209 936 3262 smne
953 3211 1132 3281 Harsptqaolls
1150 3216 1208 3263 mess
1226 3210 1306 3278 ilict,

159 3295 277 3365 formali
292 3294 348 3347 rich
368 3294 431 3348 oter
448 3294 477 3347 in
494 3295 600 3348 coloten
618 3295 715 3348 Patren
732 3313 768 3346 oa
790 3295 897 3348 Tace'tas
917 3297 1052 3350 casellaco
1062 3297 1125 3366 (.').“
1159 3297 1310 3355 Difficilior

163 3384 234 3437 ratio
253 3381 415 3451 expediendi
436 3398 472 3435 au
488 3381 605 3436 inveniri
624 3383 711 3450 possit
729 3383 838 3449 dubito,
867 3383 902 3437 ad
927 3401 1008 3451 quam
1033 3385 1055 3438 is
1074 3401 1140 3439 sane
1157 3386 1309 3457 delabitur,

163 3470 210 3538 qui
227 3469 407 3523 Plutarchum
429 3467 459 3523 in
483 3470 547 3524 vitis
571 3469 676 3523 Galbae
698 3474 727 3525 et
751 3468 866 3523 Othonis
890 3485 905 3522 e
928 3470 1024 3524 Tacito
1050 3471 1172 3539 hausisse
1195 3480 1309 3530 conten·

164 3557 214 3612 dit.
252 3559 301 3621 at,
326 3556 349 3610 si
367 3556 465 3610 Clasen
485 3556 608 3626 sibiipsi
627 3560 754 3611 constare
779 3556 904 3624 volebat,
930 3559 1081 3613 concedere
1105 3578 1160 3614 non
1185 3562 1309 3618 debebat

163 3645 202 3714 (p.
223 3644 300 3711 1158)
319 3643 435 3697 Dionem
456 3658 471 3697 e
487 3643 618 3698 Suetonio
635 3643 704 3696 nihil
724 3642 858 3711 hausisse,
878 3644 1010 3698 seditem
1028 3646 1177 3714 affirnmrn,
1195 3666 1240 3702 res
1257 3651 1309 3704 ali·

163 3732 249 3800 uhde,
279 3732 380 3786 formas
399 3730 546 3785 verborum
564 3730 703 3786 interdum
721 3748 737 3785 e
753 3729 883 3785 Suetonio
901 3737 1023 3802 sumptas
1048 3750 1119 3803 esse,
1146 3751 1209 3788 nam
1234 3737 1309 3794 ratio

163 3819 221 3873 fere
239 3820 336 3873 cadam
354 3820 427 3873 inter
444 3818 562 3872 Dionem
579 3822 607 3872 et
625 3817 750 3873 Tacitum
768 3822 852 3887 atque
869 3819 942 3874 inter
959 3820 1074 3875 Dionem
1095 3826 1124 3876 et
1144 3822 1308 3880 Suetonium

162 3905 319 3959 intercedit

234 4002 255 4070 ³)
292 4000 363 4055 Nam
381 4019 431 4057 cur
447 4004 601 4072 putandum
619 4004 664 4071 sit,
681 4020 783 4072 paucas
799 4003 863 4057 illas
881 4021 938 4073 res,
956 4023 1073 4074 quarum
1091 4007 1144 4063 Dio
1162 4013 1191 4063 et
1208 4009 1307 4066 Sueto·

163 4089 225 4143 nius
244 4088 295 4143 soli
313 4089 480 4143 mentionem
500 4090 612 4158 iaciunt,
632 4108 666 4144 ex
684 4091 739 4145 alio
751 4091 828 4146 fonte
839 4091 958 4160 fluxisse,
977 4110 1059 4163 quam
1071 4094 1144 4163 illae,
1163 4114 1230 4166 quas
1245 4098 1308 4168 Dio,

164 4175 276 4231 Tacitus
294 4180 323 4230 et
340 4175 487 4233 Suetonius
505 4194 662 4234 communes
680 4179 792 4246 habent,
811 4196 906 4234 causas
925 4199 980 4236 nou
997 4181 1085 4236 video.
