2926 4776
719 227 738 287 6

158 416 248 477 terea
270 411 297 476 is
320 411 476 477 invenisse
499 410 560 476 sibi
575 411 701 476 videtur
716 414 760 489 ¹):
785 409 939 489 „Dionem
960 408 993 472 in
1017 407 1085 471 rita
1106 404 1223 469 Tiberii
1245 403 1297 469 de·

158 513 328 579 scribenda
349 519 423 578 acta
444 518 575 578 senatus
596 513 645 577 vol
668 513 774 596 potins
796 512 987 577 breviarium
1010 530 1049 575 ex
1071 509 1109 573 iis
1137 511 1298 590 sumptum

158 616 297 681 maxime
319 620 462 682 secutum
486 636 570 695 esse,
605 614 793 680 seditionem
817 615 974 679 exercitus
996 611 1175 677 Germanici
1196 608 1297 685 (LVll

158 738 185 783 c.
206 718 303 800 4-6)
326 739 344 783 e
367 718 401 783 C.
419 717 513 782 Plinii
526 717 615 783 libris
630 717 784 782 bellorum
800 716 1000 793 Germaniae,
1022 715 1087 780 alia
1108 734 1125 778 e
1146 710 1300 777 Suetonio

158 840 227 885 esse
256 820 404 899 bansta“,
435 819 564 886 concedi
595 841 658 884 non
681 827 826 903 possunt,
853 820 922 902 ipso
946 816 1297 900 Dionepauloa11t02)

158 922 277 987 diserte
299 922 441 1003 dicente,
473 943 506 985 se
534 943 554 986 a
576 927 718 1006 tempore
740 924 928 987 immutatae
951 920 1144 1004 reipublicae
1166 917 1246 981 actis
1266 921 1299 980 et

157 1025 394 1090 commentariis
415 1023 551 1108 publicis
572 1025 725 1107 neglectis
747 1025 794 1089 ita
817 1045 867 1090 rea
883 1027 1205 1089 commemoraturum
1221 1038 1299 1096 esse,

136 1116 195 1193 'ut
216 1127 257 1193 ab
280 1128 376 1192 aliis
398 1127 655 1192 historiarum
678 1127 947 1212 scriptoribus
968 1125 1118 1210 vulgatae
1140 1126 1255 1187 essent.

243 1252 347 1329 Quum
362 1257 470 1315 autern
486 1252 518 1315 in
534 1271 632 1335 parvo
647 1251 828 1317 discrimine
844 1275 907 1317 nou
923 1250 1105 1336 ponendum
1119 1249 1170 1326 sit,
1192 1256 1299 1314 utrum

157 1352 241 1417 male
262 1372 304 1416 an
327 1358 413 1417 recte
435 1352 473 1417 de
496 1374 533 1419 eo
553 1353 732 1435 judicetur,
755 1376 832 1439 quo,
855 1375 953 1439 quum
976 1374 1081 1418 rerum
1105 1357 1173 1417 tum
1196 1355 1298 1436 gesta-

157 1475 229 1519 rum
245 1456 416 1538 scriptores
431 1456 560 1522 omnino
583 1462 641 1521 aut
663 1477 779 1541 magna
800 1477 840 1521 ex
862 1462 954 1539 parte
975 1454 1205 1531 interciderint,
1228 1472 1299 1537 gra-

157 1556 286 1621 vissimo
306 1557 493 1641 plerumque
516 1566 646 1625 auctore
670 1560 806 1638 utimur,
839 1559 922 1625 viros
951 1557 1060 1623 doctos
1091 1578 1153 1622 non
1184 1557 1299 1638 impro-

157 1656 289 1724 baturos
310 1680 379 1725 esse
400 1660 578 1745 sperabam,
600 1661 686 1746 quod
709 1661 867 1746 quaestip,
889 1661 1004 1745 quibus
1026 1682 1043 1725 e
1064 1659 1206 1725 fontibus
1228 1678 1300 1742 par-

157 1768 222 1828 tem
244 1762 331 1827 illam
355 1763 507 1828 historiae
529 1764 692 1829 Romanae
714 1764 788 1829 inde
811 1785 831 1829 a
857 1764 1014 1849 principio
1036 1761 1161 1847 imperii
1181 1759 1301 1825 'liberii

157 1866 320 1948 usquead
350 1865 446 1929 finem
471 1866 592 1930 Vitellii
617 1866 745 1931 Cassius
769 1866 828 1931 Dio
857 1866 1015 1941 hauserit,
1048 1865 1152 1929 denuo
1173 1862 1299 1926 institu-

157 1975 274 2031 eretur.
319 1968 421 2045 Quam
443 1965 485 2031 ad
507 1965 603 2031 finem
622 1969 692 2050 jam
714 1969 942 2051 perduxeram,
976 1987 1073 2051 quum
1103 1972 1168 2030 tros
1190 1962 1299 2040 libelli,

158 2067 199 2133 ab
222 2068 360 2133 llenrico
383 2067 588 2133 Christensen
602 2076 645 2151 ³),
673 2071 797 2135 Joaune
820 2069 1011 2135 Froitzheim
1026 2070 1052 2150 ⁴)
1076 2073 1109 2133 et
1130 2064 1299 2131 Maximili·

158 2191 221 2234 auc
241 2168 375 2234 Thamm
390 2172 416 2253 ⁵)
440 2190 542 2253 nuper
563 2170 650 2251 editi,
673 2194 743 2237 sero
767 2173 937 2237 admodum
960 2172 993 2235 in
1016 2190 1130 2235 manus
1152 2169 1231 2233 mihi
1252 2169 1297 2233 in·

157 2272 316 2349 ciderunt,
340 2271 455 2354 quibus
477 2273 517 2338 de
539 2274 701 2339 nonnullis
725 2273 815 2337 libris
836 2295 855 2338 a
877 2295 927 2339 me
949 2275 981 2338 in
1004 2273 1224 2357 quaestionem
1245 2292 1298 2336 vo·

157 2374 237 2439 catis
253 2373 364 2457 (LVII,
380 2374 486 2440 LVlll
502 2382 535 2440 ot
549 2376 635 2457 LXI)
651 2377 820 2458 diligenter
833 2377 901 2459 jam
917 2382 1021 2441 actum
1046 2396 1113 2440 esse
1136 2381 1177 2452 et,
1199 2394 1297 2458 quum

158 2496 178 2541 a
200 2475 333 2558 singulis
354 2476 561 2558 discesserim,
584 2479 649 2543 fere
671 2480 792 2556 eadem,
815 2499 897 2562 quae
919 2478 997 2542 milri
1019 2477 1223 2555 ridebantur,
1246 2498 1299 2542 ex-

157 2579 262 2661 positu
278 2598 346 2642 esse
360 2578 477 2645 inveni.
509 2581 600 2660 Quod
616 2591 742 2664 gratum
765 2589 798 2646 et
819 2588 985 2665 acceptum
1006 2580 1085 2645 mihi
1106 2586 1185 2655 erat,
1208 2598 1299 2664 prae-

158 2681 266 2763 cipue,
289 2702 404 2764 quum,
427 2683 532 2767 capite
553 2685 749 2767 quaestionis
771 2705 860 2749 meae
882 2684 915 2748 in
938 2684 1010 2749 aliis
1031 2682 1122 2747 libris
1143 2683 1222 2760 sito,
1250 2686 1299 2746 tot

157 2781 263 2847 verbis
284 2782 324 2846 de
350 2782 407 2847 illa
429 2789 521 2866 parte
544 2806 638 2870 agere
660 2809 724 2853 non
746 2786 865 2853 liceret.

243 2902 408 2966 Summum
425 2904 508 2967 enim
525 2905 665 2970 studium
687 2908 720 2971 in
742 2907 782 2970 iis
797 2906 978 2991 ponendum
994 2925 1063 2969 esse
1079 2903 1195 2981 censui,
1217 2923 1299 2985 quae

157 3002 240 3068 libro
256 3004 358 3070 LXIV
380 3004 419 3068 de
442 3004 546 3071 Galba
568 3013 601 3072 et
624 3007 749 3073 Othone
772 3008 900 3072 Cassius
922 3006 982 3071 Dio
1005 3006 1120 3083 refert;
1142 3026 1217 3069 nam
1239 3004 1299 3068 hac

158 3104 193 3169 in
214 3112 320 3189 parte,
345 3126 442 3189 quum
466 3112 531 3173 tres
552 3109 627 3173 illas
650 3110 729 3175 alias
751 3109 868 3186 Taciti,
892 3106 1044 3185 Suetonii,
1067 3107 1230 3171 Plutarchi
1253 3126 1300 3172 re

159 3205 297 3273 lotiones
320 3207 473 3273 adhibere
495 3212 670 3294 possimus,
700 3210 902 3285 facultatem,
925 3229 989 3292 qua
1010 3208 1122 3273 melior
1142 3228 1300 3291 nusquam

160 3307 237 3373 alibi
260 3310 454 3392 reperiatur,
487 3313 680 3377 consistendi
709 3318 742 3376 et
768 3311 883 3394 quibus
906 3310 1089 3374 auctoribus
1111 3313 1144 3373 ct
1164 3330 1228 3393 qua
1250 3330 1301 3374 ra·

160 3411 247 3476 tione
269 3412 308 3477 iis
330 3411 362 3476 in
385 3412 519 3478 historia
543 3413 711 3479 scribenda
732 3434 808 3478 usus
835 3415 877 3477 sit
903 3412 1162 3491 demonstrandi,
1192 3412 1302 3477 datam

164 3613 368 3627 ῥᾷ-

234 3737 253 3804 ¹t
289 3736 457 3804 lap-38.
478 3736 521 3790 39.

232 3823 253 3891 ¹)
288 3821 360 3876 Llll.
382 3824 423 3877 19.
442 3823 469 3874 2.

232 3912 254 3980 ⁸)
289 3910 323 3965 ll.
336 3909 580 3976 Christenscn,
595 3909 630 3965 dc
644 3909 727 3965 lntbs.
741 3927 758 3964 a
770 3910 862 3966 Cassio
874 3911 963 3966 Dione
974 3909 1003 3965 in
1016 3909 1074 3965 rita
1087 3910 1203 3965 Neronia
1215 3928 1305 3966 enarr.

163 3998 257 4054 adhib.
276 3998 366 4052 Berol.
388 4000 465 4051 1871.

234 4086 255 4154 ⁴)
289 4086 314 4139 l.
331 4085 354 4139 F
361 4084 563 4151 roitzhcim,
583 4083 618 4139 de
635 4083 723 4139 Tacit.
743 4084 829 4139 sntbs.
848 4084 875 4137 in
895 4084 957 4138 libr.
975 4085 997 4138 Ι.
1015 4084 1103 4137 annal.
1122 4084 1208 4138 Bonn.
1229 4089 1307 4146 1873.

232 4173 253 4243 ¹)
288 4174 325 4229 M.
336 4174 487 4241 Thamm,
508 4172 542 4228 de
562 4171 647 4228 sntba.
660 4172 695 4225 ad
708 4172 801 4227 Tibur.
811 4172 873 4226 hist
885 4171 1065 4241 pertinentbs.
1077 4171 1140 4225 Hal.
1150 4170 1213 4227 Sex.
1230 4176 1309 4230 1⁸74·
