2926 4776
742 233 779 293 18

188 407 375 490 ἑκάστοις
397 408 464 478 διὰ
484 417 561 477 τῶν
582 409 722 478 δακτιί-
792 435 859 477 cere
881 414 985 477 oscula
1002 420 1035 478 et
1049 415 1157 479 omnia
1173 415 1331 481 serviliter

188 514 260 579 λων
282 510 443 598 ἔπεμπε,
461 512 516 579 καί
529 510 721 597 ὑπισχνεῖτο
792 536 849 599 pro
871 517 1097 581 dominatione.

188 614 306 683 πολλά.

275 756 377 839 Digna
399 755 507 833 etiam,
530 774 612 838 quae
635 755 851 832 conferantur,
875 755 953 820 haec
976 764 1070 821 sunt:

282 895 342 959 Dio
365 899 394 959 8.
421 899 446 959 l.
557 928 560 977 Ι
658 893 732 957 Tac.
756 893 781 957 1.
804 898 855 956 47.

185 993 205 1083 ἦ
251 997 365 1079 μέντοι
412 992 542 1083 βουλὴ
557 982 560 993 ’
576 994 936 1078 adcurruntpatrestde·

185 1095 315 1164 πάντα
357 1096 405 1163 τὰ
442 1096 544 1183 πρὸς
577 1097 715 1160 cernitur
740 1096 857 1160 othoni·
878 1097 935 1160 tri-

185 1195 386 1288 τὴνάρχὴν
407 1200 541 1287 φέρον-
576 1199 704 1264 bunicia
734 1205 875 1282 potestas
903 1205 936 1262 et

184 1324 230 1365 τα
256 1299 497 1390 ἐψηφίσατο.
577 1322 690 1365 nomon
731 1303 864 1383 augusti
906 1310 935 1364 et

576 1424 680 1467 omnen
686 1403 868 1487 principum
880 1402 934 1466 λο-

575 1528 675 1569 nores.
1075 1505 1162 1569 Suot.
1187 1511 1217 1570 7.

182 1603 419 1692 βεβιάσθαι
467 1610 542 1690 μὲν
948 1602 1040 1675 idein
1075 1614 1223 1690 tangente
1256 1607 1324 1687 jam

181 1707 252 1793 γὰρ
266 1708 332 1773 καί
348 1707 386 1787 ἐς
404 1706 447 1774 τὸ
467 1715 541 1775 τεῖ-
947 1682 951 1779 Ι
967 1708 1018 1773 die
1048 1710 1209 1792 ingressus
1235 1729 1326 1774 sena-

180 1833 248 1893 χος
291 1806 391 1876 ὀίκων
427 1778 559 1898 govix-i
947 1790 1326 1944 'tumpositaquebrevi

182 1917 256 1978 θαι
272 1907 443 1978 κάνταῦθα
453 1909 541 1977 ἄντι·
556 1866 559 1953 i
947 1954 949 1959 -
967 1913 1100 1987 ratione,
1112 1913 1205 1995 quasi
1215 1922 1326 1995 raptus

181 2015 282 2098 λέγων
303 2012 542 2079 κεκυνδυνεαιὲ-
632 2011 714 2075 Plut.
738 2011 821 2076 Otho
847 2018 872 2075 1.
946 2012 1003 2119 id⁰
1021 2011 1147 2092 publico
1175 2022 1205 2075 ct
1230 2012 1325 2077 nunci-

181 2140 232 2181 ναι
268 2112 372 2199 ἔλεγε,
409 2111 464 2179 καί
493 2110 540 2180 τά
574 2110 651 2179 evoe
660 2108 825 2199 συγκλήτῳ
838 2113 931 2177 πολ·
961 2112 1216 2194 pereimperium
1231 2114 1262 2177 αι’
1276 2137 1326 2178 co-

180 2241 221 2282 τε
236 2212 333 2281 titia
349 2215 518 2282 ἑπιεικιῖ
523 2240 540 2294 ς
574 2212 619 2279 λὰ
642 2211 840 2301 δημοτικὰ
862 2213 930 2278 καὶ
946 2194 949 2293 i
966 2223 1053 2276 οοίαυ
1092 2221 1302 2298 gesturusque

180 2319 419 2408 ἐφθέγγετο.
574 2302 1125 2405 φιλάνθρωπαδια-ίοουνῐοοαί
1182 2319 1324 2383 omnium

574 2415 737 2501 λεχθείς
759 2457 809 2484 -.
946 2412 1100 2484 ¹arbitrio
1123 2458 1171 2485 -.

368 2556 426 2620 Dio
449 2559 479 2620 8.
504 2559 533 2620 2.
959 2557 1031 2621 Tac.
1056 2558 1079 2623 1.
1103 2563 1154 2623 77.

179 2654 266 2744 πλὴν
287 2653 362 2721 τότε
377 2655 433 2721 καί
447 2657 630 2740 βουλευτῶν
645 2683 718 2742 συχ-
785 2659 925 2722 redditas
958 2660 1057 2725 Cadio
1091 2661 1190 2742 Ruso,
1228 2660 1324 2727 Pedio

178 2763 247 2837 ναῖς
274 2761 364 2836 τοῖς
396 2758 468 2841 μὲν
498 2759 718 2840 καταδίκας
787 2761 907 2841 Blaene,
931 2764 959 2827 S.
979 2764 1013 2827 Ρ.
1031 2763 1204 2828 senatoriae
1226 2763 1321 2828 ίουιιο.

178 2856 285 2927 civici
319 2866 409 2939 τοῖς
438 2862 479 2927 δὲ
507 2856 588 2930 ἄλλ’
616 2858 717 2930 ίίττα
786 2864 1035 2947 repetundarum
1058 2865 1243 2930 criminibus
1265 2866 1323 2930 sub

179 2960 394 3049 ἐχαρίζετο.
787 2964 922 3030 Claudio
945 2972 977 3031 et
992 2966 1117 3033 Nerone
1132 2967 1321 3031 ceciderant.

369 3084 428 3148 Dio
453 3088 481 3148 8.
506 3087 534 3146 2.
958 3086 1031 3151 Tac.
1054 3087 1077 3150 1.
1102 3091 1152 3151 78.

177 3188 268 3262 τοῖς
291 3183 334 3251 δὲ
355 3184 487 3265 ξένοις
504 3185 719 3250 πολιτείαν
784 3185 975 3269 Linqom'bas
997 3188 1148 3251 universis
1170 3187 1321 3251 civitatem

179 3282 315 3350 ἐδίδου
329 3285 385 3351 καί
399 3279 483 3352 ἄλλα
494 3284 603 3351 πολλὰ
616 3284 717 3374 iscny-
782 3287 973 3363 Romanam,
984 3290 1164 3374 provinciae
1174 3290 1322 3355 Baeticae

178 3387 319 3471 γέλλετο.
783 3389 968 3479 Maurorum
978 3393 1122 3457 civitates
1133 3393 1322 3460 donodedit.

265 3534 352 3611 Quae
375 3530 416 3595 ad
439 3530 601 3596 licentiam
624 3532 762 3598 militum
786 3533 1011 3600 illustrandam
1034 3536 1092 3602 Dio
1117 3562 1165 3623 op.
1182 3545 1211 3605 9.
1230 3545 1258 3605 2.
1283 3546 1322 3621 3.,

179 3635 324 3718 quamvis
339 3633 404 3699 siut
418 3633 615 3713 brevissima,
639 3633 740 3713 affert,
761 3638 943 3703 accuratius
954 3659 1050 3722 quam
1072 3661 1092 3706 a
1114 3641 1228 3707 ceteris
1251 3664 1323 3710 nar·

179 3741 303 3814 rantur,
326 3756 460 3818 quornm
484 3735 567 3800 alius
589 3736 677 3801 aliud
699 3739 815 3804 omisit.

264 3853 392 3919 Falsum
415 3853 572 3919 Neronem
595 3862 662 3920 tum
685 3859 883 3940 provenisse,
914 3859 952 3923 de
975 3882 1038 3943 quo
1061 3862 1189 3928 uberius
1210 3864 1324 3948 Xiphi-

179 3954 245 4021 lino
268 3956 408 4020 Zonaras
430 3958 543 4035 refert,
575 3958 633 4022 Dio
654 3967 688 4022 et
709 3959 836 4024 Tacitus
859 3961 1006 4026 similiter
1028 3965 1174 4041 tradunt,
1199 3965 1322 4030 Plutar-

179 4056 248 4137 cho,
271 4058 369 4121 vitam
386 4057 519 4123 Othonis
541 4079 642 4143 neque
665 4060 829 4127 historiam
847 4062 1025 4129 Romanam
1048 4065 1214 4143 scribente,
1235 4087 1321 4131 men-

179 4159 299 4224 tionem
322 4160 391 4242 ejus
413 4180 476 4224 non
500 4160 645 4226 faciente.
