2926 4776
712 213 746 272 17

245 393 455 477 Aliquantum
477 394 544 458 irae
567 399 599 457 et
621 394 718 458 studii
743 397 776 459 in
800 395 941 460 moribus
963 393 1099 461 Othonis
1126 396 1306 461 describen-

158 496 208 561 dis
233 495 364 560 Dionem
388 493 548 578 profiteri,
573 495 640 578 jam
664 518 762 580 supra
785 498 994 574 dictumest,
1022 498 1225 581 maximeque
1246 499 1306 564 heo

158 596 192 663 in
215 618 250 663 re
272 618 344 661 cum
367 597 519 662 Suetonio
542 599 707 677 consentit,
732 599 809 663 item
832 606 939 664 autem
963 599 1107 664 Tacitum
1131 607 1164 664 et
1181 600 1306 666 Plutar-

158 698 254 767 chum
277 699 352 764 odia
373 719 434 765 nou
459 699 610 783 posuisse,
634 699 667 764 hi
690 700 751 765 loci
774 700 1015 766 demonstrant:

255 866 316 931 Dio
339 871 367 929 7.
393 870 421 930 3.
633 863 707 928 Tac.
731 865 755 929 I.
781 870 831 929 71.
1000 866 1082 930 Plut.
1107 866 1199 931 Otho.
1223 871 1253 931 4.

158 964 269 1032 πολλὰ
310 964 365 1031 καὶ
400 965 516 1049 μέτρια
552 966 636 1031 Otho
650 967 779 1031 interim
800 972 911 1031 contra
947 964 1134 1050 ἐθαύμαζον
1164 964 1222 1054 τὴν
1248 991 1306 1049 με·

161 1066 245 1156 πρὸς
256 1064 441 1153 tenduntur
451 1072 517 1132 τῶν
552 1089 639 1152 spem
672 1069 813 1134 omnium
846 1091 908 1135 non
946 1067 1096 1157 ταβολὴν,
1111 1066 1142 1136 oi
1155 1064 1307 1155 ‹i'u'vay-

159 1166 346 1258 ἀνθρώπων
362 1165 515 1256 ποιήσας,
551 1170 673 1236 deliciis
696 1191 799 1254 neque
828 1171 908 1236 desi·
947 1174 1040 1236 κοῖα
1062 1169 1305 1256 πολιτεύμα-

159 1267 227 1356 οὐχ
276 1269 341 1339 ὅτι
392 1267 518 1348 οὕτως
552 1273 606 1338 die
620 1278 808 1357 torpescere.
829 1274 911 1337 dila·
946 1296 994 1337 τα
1017 1272 1115 1362 πρὸς
1136 1273 1202 1341 τὸν
1225 1299 1306 1340 και-

159 1368 517 1463 ἔποφύκει,ἅλλ’ὃ’τι
552 1375 795 1458 taeeoluptates,
820 1376 911 1440 dissi
945 1373 1012 1460 ρὸν
1045 1371 1214 1463 ἡγοῦντο
1248 1378 1306 1464 δη-

158 1472 372 1545 οἷδούντων
412 1470 518 1561 aizo
552 1479 672 1542 mutata
698 1477 826 1542 lutearia
848 1485 909 1543 eto.
944 1476 1172 1562 μαγωγούντος
1207 1475 1307 1545 αἰτοῦ

159 1578 226 1646 διὰ
254 1578 321 1645 τὸν
351 1573 517 1645 ostiti·
543 1581 656 1662 falsae
678 1581 804 1643 uirtutes
826 1585 884 1643 ete.
946 1576 1001 1644 διὰ
1022 1578 1079 1645 τὸν
1101 1578 1257 1664 πόλεμον.

159 1681 243 1745 tior
278 1685 357 1747 τῶν
391 1701 518 1762 πραγ-

158 1777 291 1863 μάτων
323 1774 380 1845 οὕκ
415 1772 519 1867 tituto

158 1877 224 1948 κτὲ.

683 1968 708 2032 Ι.
733 1972 783 2033 78.

551 2070 755 2153 intorques,
782 2070 909 2134 necessi·

552 2180 614 2235 tate
630 2172 842 2254 praesentium
860 2192 911 2234 re-

550 2295 621 2338 rum
651 2278 684 2338 et
717 2274 911 2339 instantibus

550 2375 635 2441 euris
658 2382 810 2440 excusata
834 2381 894 2440 etc.

254 2501 314 2566 Dio
337 2507 366 2567 8.
391 2505 418 2566 3.
693 2495 769 2559 ibid.
1032 2490 1162 2556 Sueton.
1187 2497 1216 2555 7.

158 2600 196 2671 τὸ
216 2600 276 2689 γὰρ
296 2607 372 2668 τῶν
399 2600 516 2665 tnui·
551 2616 590 2660 ne
610 2600 678 2660 tum
700 2596 828 2678 quidem
850 2596 910 2659 im·
945 2598 1031 2657 certe
1074 2598 1107 2656 et
1152 2593 1305 2676 imayines

157 2702 253 2772 τίων
283 2699 441 2781 εἰκόνας
472 2696 515 2766 οἷ-
552 2716 672 2761 memor
686 2717 831 2761 amorum
847 2705 908 2761 stu·
945 2702 1123 2777 statuasque
1156 2698 1226 2777 ejice
1257 2718 1303 2759 re·

158 2799 517 2894 ποκαταστῆσαι,τό
552 2808 622 2863 tuas
656 2800 820 2882 Poppaeae
851 2819 910 2881 per
942 2795 1021 2879 poni
1051 2817 1163 2878 possus
1195 2804 1243 2865 est
1272 2804 1306 2862 et

157 2934 193 2978 τε
214 2915 260 2996 τῷ
274 2906 393 2996 Σπόρῳ
411 2909 516 2974 ουοεῖ-
551 2908 680 2968 senatus
728 2899 907 2965 consultum
942 2907 1161 2981 promotores
1169 2898 1304 2981 olqueli·

157 3038 210 3079 ναι
242 3009 310 3077 καὶ
346 3007 389 3075 τὸ
426 3012 515 3086 τοῖς
549 3003 739 3088 reposuit-
756 3008 789 3067 et
810 3003 908 3081 suere,
946 3001 1044 3064 bertoo
1066 3001 1111 3062 od
1130 3001 1236 3064 eodem
1252 3002 1305 3081 of-

157 3116 316 3193 λοιποῖς
337 3115 425 3190 τοῖς
446 3116 515 3175 Ne·
552 3108 606 3191 qui
634 3106 786 3187 imayines
808 3105 906 3167 Nero·
926 3102 1019 3186 ‚ficia
1039 3103 1201 3165 revocavit.

157 3214 334 3301 ρωνείοις
344 3218 513 3301 χρῆσθαι
552 3210 601 3273 nis
620 3215 837 3292 proponerent.

158 3314 384 3394 admouisses
405 3311 515 3402 ἐξεφό-

157 3426 219 3504 βο.

244 3585 408 3653 Serviliter
430 3584 485 3648 ille
509 3582 549 3648 ab
574 3581 698 3647 Othone
721 3585 794 3644 ncta
816 3570 890 3643 et'a
911 3575 1022 3641 Tacito
1044 3579 1222 3656 temporum
1252 3591 1301 3636 or·

158 3692 231 3757 dine
254 3691 349 3753 antee
370 3689 547 3750 memorata
568 3687 602 3762 (e
625 3682 796 3746 Plutarcho
818 3684 926 3744 eutem
949 3684 982 3743 et
996 3676 1150 3744 Suetonio
1171 3675 1303 3757 omissa)

157 3791 361 3859 consentiunt
383 3789 449 3853 fere
471 3787 512 3852 ed
535 3785 682 3851 verbum:

344 3944 404 4008 Dio
426 3946 455 4006 8.
483 3947 509 4006 l.
936 3931 1010 3996 Tac.
1037 3931 1062 3995 1.
1087 3934 1137 3995 36.

157 4053 197 4139 τῇ
225 4043 396 4133 ὑποκρίσει
428 4040 591 4130 σχήματος
619 4036 694 4122 ἔμε·
766 4056 823 4101 neo
845 4035 956 4100 deerat
978 4032 1078 4113 Otho,
1112 4032 1304 4117 protendens

156 4147 279 4235 πρίαζε,
324 4141 531 4236 φιλήματά
567 4166 608 4207 τε
645 4134 697 4217 ὥς
766 4158 896 4217 manus,
920 4135 1223 4218 adornantium,
1244 4135 1301 4215 ja·

1048 4258 1065 4308 2
