2926 4776
709 185 748 247 23

159 371 397 453 comparatione
419 369 504 433 iutra
527 368 675 432 instituta
691 367 810 431 clarius
825 367 1002 451 apparebit,
1026 389 1043 431 e
1065 368 1225 431 connnuni
1247 366 1302 432 illo

158 473 264 551 fonte,
295 495 357 555 quo
382 494 420 536 ex
443 492 500 536 suo
523 471 657 553 quisque
679 470 806 552 ingenio
829 490 903 533 usus
926 475 975 533 est
992 475 1035 550 ¹),
1066 491 1149 551 quare
1172 489 1302 533 consen-

158 575 258 647 tiunt,
289 573 428 638 fluxisse.
481 573 670 639 summatim
702 571 816 636 afferre
848 570 961 635 liceat:
993 572 1136 652 quamvis
1165 569 1303 634 breviter

158 677 288 739 omnino
311 697 361 739 res
383 684 491 759 gestae
513 696 533 740 a
555 674 656 738 Dione
679 679 888 750 enarrentur,
921 678 1027 736 tamen
1052 672 1177 752 singula
1199 669 1303 735 Taciti

158 776 306 841 relationi
339 778 523 861 ceteroquin
556 775 720 841 simillima
753 774 935 839 accuratius
965 781 1200 849 memorantur,
1237 771 1303 836 alia

158 879 322 963 paululum
352 878 550 963 discrepant,
582 877 646 942 alia
673 898 694 941 a
714 876 825 941 Tacito
849 897 910 940 non
935 876 1107 941 traduntur
1129 882 1186 939 aut
1207 874 1303 958 plane

159 982 348 1065 discrepant.

244 1082 410 1166 Capitibus
433 1084 532 1158 2-7,
565 1081 679 1166 quibus
702 1099 806 1143 mores
827 1078 948 1144 Vitellii
970 1077 1211 1156 describuntur,
1243 1078 1303 1143 hoc

159 1185 228 1249 loco
249 1184 388 1263 amieria,
420 1183 461 1247 ad
484 1184 667 1248 continuam
691 1182 909 1246 narrationem
931 1181 1070 1264 primum
1093 1202 1150 1245 nos
1173 1201 1304 1245 conver-

158 1292 262 1351 tentes
285 1307 347 1351 non
372 1286 472 1350 solum
496 1287 609 1350 seriem
633 1291 666 1349 et
687 1285 883 1349 lineamenta
899 1284 1119 1348 narrationum
1135 1284 1230 1368 plane
1251 1304 1303 1347 ea·

158 1388 228 1452 dem
245 1409 322 1465 esse,
341 1389 395 1452 sed
412 1388 452 1453 ad
469 1388 598 1452 verbum
614 1388 711 1452 etiam
731 1393 902 1469 utrumque
917 1387 1103 1470 scriptorem
1119 1386 1303 1469 saepissime

157 1488 337 1555 consentire
359 1512 416 1573 per
439 1491 546 1573 capita
567 1490 773 1555 decurrentes
796 1488 1093 1553 demonstrabimus.

243 1591 515 1669 Quemadmodum
538 1592 752 1673 Vespasianus
775 1590 874 1653 animi
904 1589 1064 1655 fluctuans
1096 1613 1116 1656 a
1145 1591 1303 1671 Muciano,

158 1691 213 1776 qui
244 1692 371 1775 oblique
400 1693 440 1758 ab
471 1704 607 1774 utroque
630 1694 785 1775 scriptore
808 1693 868 1755 bac
890 1693 1057 1757 occasione
1078 1693 1305 1775 perstringitur

159 1794 235 1878 (Dio
250 1794 347 1859 LXV.
364 1799 392 1858 8.
410 1801 439 1858 4.
458 1787 599 1869 ἐλπίσας
613 1789 651 1857 τὸ
667 1791 727 1874 μὲν
744 1787 847 1875 ὄνομα
869 1797 927 1878 τῆς
948 1787 1046 1880 ἀρχῆς
1069 1791 1190 1860 ἐκεῖνον
1212 1792 1303 1876 ἕξειν,

157 1889 254 1972 αὐτὸς
276 1893 312 1959 δὲ
335 1892 389 1960 διὰ
411 1892 469 1981 τὴν
492 1890 673 1960 ἐπιείκειαν
694 1889 793 1958 circi
816 1889 1037 1980 ἰσομοιρήσειν
1059 1935 1101 1946 -
1115 1897 1189 1962 Tac.
1205 1898 1246 1961 ll.
1263 1902 1303 1961 83

158 1998 325 2062 Mucianus
340 2035 381 2047 -
396 2001 515 2061 socium
531 1998 632 2080 magis
647 1998 781 2080 imperii.
802 2018 899 2080 quam
917 1999 1096 2063 ministrum
1112 2019 1211 2082 agens
1231 2006 1303 2079 etc.)

157 2100 302 2165 firmatus
319 2099 456 2164 universi
473 2099 631 2164 exercitus
654 2099 906 2164 conclamatione
928 2100 1102 2182 imperator
1123 2100 1305 2185 appellatus

156 2202 213 2280 sit,
236 2202 382 2267 similiter
405 2211 564 2266 narratur.
610 2201 744 2267 Ostenta
768 2202 963 2284 Vespasiano
986 2222 1048 2266 uon
1071 2201 1218 2282 defuisse,
1243 2202 1302 2268 Dio

155 2313 320 2382 memorat,
342 2304 419 2369 item
441 2304 514 2369 Tac.
531 2304 572 2369 ll.
596 2307 636 2367 78
659 2303 799 2368 ominum
821 2303 1017 2368 mentionem
1041 2303 1125 2382 lacit,
1148 2326 1165 2370 s
1188 2305 1303 2388 quibus

156 2406 290 2470 alteram
315 2427 385 2469 cum
403 2407 502 2470 Dione
518 2405 630 2470 LXVI.
653 2410 677 2467 t.
695 2409 713 2467 3
730 2404 795 2468 tere
817 2406 858 2470 ad
881 2405 1012 2471 verbum
1036 2409 1193 2472 consentit
1208 2408 1301 2486 (cair.

155 2509 263 2588 intra).
308 2507 464 2571 Pecuniae
487 2507 623 2571 maxime
638 2527 717 2589 opus
733 2507 839 2584 fuisse,
862 2515 996 2591 uterque
1014 2507 1121 2585 refert,
1144 2509 1222 2574 cnfr.
1240 2509 1301 2574 Dio

157 2615 186 2674 9.
204 2615 233 2674 2.
249 2604 305 2673 καὶ
321 2607 466 2691 συνέλεγε
480 2602 636 2694 χρήματα,
661 2596 705 2672 ὧν
729 2629 795 2672 που
816 2606 873 2673 καὶ
887 2605 929 2672 τὰ
943 2606 1088 2690 μάλιστα
1103 2604 1211 2697 ἔχρῃζε
1225 2611 1300 2676 Tac.

156 2711 197 2775 ll.
219 2718 254 2775 lt
278 2711 333 2775 sed
354 2710 434 2775 nihil
456 2730 556 2794 aeque
578 2708 745 2792 fatigabat,
767 2731 863 2795 quam
879 2712 1084 2795 pecuniarum
1100 2713 1300 2794 conquisitio.

242 2813 424 2877 Mucianum
447 2820 558 2877 coutra
581 2811 744 2877 Vitellium
767 2813 976 2896 praemissum
999 2813 1138 2894 legiones
1162 2814 1300 2880 Moesiae

155 2922 188 2979 et
210 2915 393 2980 Pannoniae
416 2934 480 2978 non
502 2918 697 2995 exspectant,
721 2916 749 2978 vi
773 2916 942 2999 praecipue
966 2916 1096 2979 Antonii
1118 2915 1224 2994 Primi,
1247 2938 1299 2980 cu-

153 3019 206 3098 jus
228 3020 269 3080 ad
291 3019 388 3080 vitam
412 3026 487 3080 ante
510 3024 616 3081 actam
639 3023 773 3099 uterque
793 3017 855 3083 hac
876 3018 1057 3097 occasione,
1087 3017 1184 3081 Dione
1208 3038 1300 3082 accu-

156 3123 283 3196 ratiore,
306 3119 455 3204 respicit:

343 3239 401 3303 uio
424 3241 452 3304 9.
479 3242 507 3303 3.
922 3237 997 3303 Tac.
1023 3238 1064 3302 ll.
1088 3241 1139 3303 86.

155 3334 327 3407 Ἀντώνιον
349 3345 494 3425 flotam,
524 3336 697 3426 φυγόντα
764 3340 937 3424 (Antonius
950 3340 1086 3419 Primus)
1106 3340 1228 3425 legibus
1243 3363 1299 3407 uo·

156 3441 226 3525 μὲν
241 3440 280 3508 ἑκ
295 3439 516 3526 καταδίκης
537 3439 606 3506 ἐπὶ
628 3452 696 3507 τοῦ
762 3465 837 3507 cens
860 3454 888 3506 et
912 3452 1045 3526 tempore
1061 3445 1199 3507 Neronia
1218 3444 1300 3522 falsi

157 3544 365 3630 Νέρωνος,
410 3543 617 3623 καταχθέντα
661 3545 697 3611 δὲ
761 3545 1299 3620 damnatas,lateraliabellimala

156 3641 434 3728 tauroentum
455 3642 511 3709 καὶ
531 3650 591 3710 τοῦ
606 3652 696 3711 Παν-
761 3655 861 3712 senat.
907 3648 1007 3713 ordin.
1052 3649 1297 3731 reciperarerat.

156 3752 283 3814 νονικοῦ
307 3745 532 3830 στρατοπέδου
547 3742 693 3834 ἄρχοντα,
762 3750 965 3832 Praepositus
986 3750 1123 3814 aGalba
1144 3751 1297 3834 septimae

156 3851 283 3916 εἵλοντο
306 3845 495 3936 στρατηγόν.
760 3850 877 3935 legioni
900 3857 959 3916 etc.
999 3886 1002 3891 ·
1102 3919 1106 3925 ,

228 4064 246 4130 ¹)
283 4062 379 4115 Partes
397 4076 414 4111 a
432 4057 520 4111 Plinio
538 4057 641 4113 alienas
661 4060 759 4114 Nissen
778 4078 802 4114 a.
815 4061 833 4112 l.
848 4078 873 4129 p.
888 4062 986 4130 542sq.
1006 4079 1021 4115 e
1038 4061 1135 4116 'Pacilo
1152 4077 1299 4131 segregare

154 4154 269 4206 conatus
287 4154 337 4204 eat.
