2926 4776
739 240 779 301 22

183 421 444 496 πανουργότατα
464 424 544 547 ἀμην]
560 430 680 495 posteros
698 424 923 493 νιο-νέσνερον
952 455 977 463 -
1003 424 1047 497 ari-l

183 509 242 575 τὴν
267 509 375 581 ἀρχὴν
399 510 528 583 rip-ruit
551 512 633 566 bonae
652 509 924 582 sanrcenctcndr
941 511 976 566 δὲ
994 509 1040 583 μὴ

183 594 296 655 πάσας
339 550 550 681 decembrium
570 600 667 652 maiae.
757 603 923 667 χείρονας
962 514 1048 681 ,tandi

182 683 288 751 αὐτῆς
306 684 463 751 ‹innitui-
760 683 927 744 ἐλάττους
973 690 1041 738 τῶν

182 791 233 841 γη.
759 776 819 824 τοῦ
836 775 915 838 βίον
938 771 1040 825 αὐτοῦ

760 854 943 929 ψεγόντων
960 856 1040 918 τοὺς

781 945 1021 1005 ἐπαινοῦντας

757 1031 817 1085 τὸν
836 1030 1002 1087 θάνατον.

266 1156 339 1221 Jam
361 1154 460 1238 igitur
483 1155 523 1218 ad
545 1155 640 1220 finem
669 1156 784 1241 capitis
811 1159 989 1240 gravissimi
1021 1138 1238 1243 pervenimus,
1272 1155 1327 1220 nbi

181 1258 348 1343 paululum
385 1258 593 1322 consistentes
629 1259 770 1324 breviter
803 1281 886 1344 quae
919 1262 1098 1326 invenimus
1130 1259 1327 1343 colligamus.

184 1363 340 1444 Apparet,
371 1366 499 1444 praeter
519 1359 609 1424 illum
632 1360 737 1426 locum
760 1362 903 1427 Suetonii
928 1382 991 1426 utro
1013 1368 1139 1426 tantum
1161 1362 1326 1444 scriptore,

181 1483 286 1547 aequa
308 1468 340 1525 et
362 1461 472 1545 iniqua
490 1461 614 1545 judicia
636 1463 674 1528 de
697 1464 800 1528 Galba
823 1469 855 1529 et
879 1463 1004 1528 Othone
1026 1464 1162 1542 ferente,
1193 1462 1326 1527 Dionem

181 1585 272 1630 usum
296 1585 383 1642 esse,
419 1584 436 1629 e
467 1583 530 1648 quo
558 1584 646 1629 more
673 1565 882 1650 plurimorum
905 1572 1049 1630 veterum
1071 1565 1261 1650 scriptorum
1283 1564 1326 1628 ad

181 1667 311 1732 verbum
336 1687 430 1752 saepe
452 1687 510 1731 sua
532 1668 699 1751 excerpsit.
744 1670 832 1748 Quae
861 1667 947 1752 apud
976 1667 1117 1752 reliquos
1146 1688 1211 1731 non
1240 1666 1327 1730 inre·

181 1770 313 1835 niuntur
336 1790 399 1835 nou
423 1768 579 1853 ejusmodi
601 1775 690 1850 aurit,
724 1779 760 1836 ut
788 1792 827 1835 ex
857 1771 920 1835 alio
950 1770 1104 1854 scriptore
1131 1770 1253 1833 inserta
1281 1768 1325 1832 vi·

181 1870 327 1935 deantur

268 1973 314 2038 De
337 1979 466 2039 anctore
496 1972 551 2037 illo
572 1972 674 2037 Taciti
702 1978 734 2036 et
762 1973 939 2050 Plutarchi,
974 1972 1090 2057 quibus
1113 1971 1247 2036 Dionem
1268 1992 1323 2054 ag·

180 2095 327 2159 gregasse
349 2075 427 2139 mihi
450 2075 576 2153 videor,
597 2074 773 2139 sententias
795 2075 934 2140 virorum
956 2074 1120 2139 doctorum
1143 2073 1324 2157 discrepare

182 2183 291 2241 notum
316 2183 373 2241 est.
419 2176 458 2240 Η.
484 2176 578 2241 Peter
601 2181 635 2240 et
655 2176 713 2240 Tb.
729 2176 904 2242 Mommsen
926 2195 944 2240 e
966 2175 1202 2241 commentariis
1220 2173 1323 2239 Cluvii

180 2277 270 2358 Rufi,
294 2278 331 2342 H.
357 2278 469 2343 Nissen
493 2298 533 2342 ex
555 2277 696 2342 historiis
718 2278 811 2342 Plinii
834 2299 887 2342 eos
909 2278 1065 2354 hausisse,
1088 2281 1280 2341 statuerunt.

265 2379 330 2444 Nee
353 2379 458 2445 lacere
480 2401 617 2464 possum,
639 2379 717 2463 quin
741 2378 837 2463 hujus
860 2402 886 2443 v.
907 2380 935 2445 d.
960 2380 1160 2458 sententiam,
1183 2376 1325 2443 firmissi-

181 2480 259 2560 mis,
282 2488 318 2545 ut
341 2480 417 2546 mibi
439 2482 579 2560 videtur,
601 2482 798 2565 argumentis
820 2482 1040 2548 confirmatam
1056 2488 1081 2563 1)
1104 2503 1233 2566 sequar,
1256 2481 1326 2567 qui·

180 2583 239 2649 bns
262 2603 343 2648 nova
365 2583 511 2668 quidem,
536 2604 554 2648 a
575 2583 678 2649 Dione
700 2584 850 2664 collecta,
870 2586 939 2669 jam
963 2586 1080 2650 addere
1102 2606 1163 2650 non
1187 2602 1325 2670 possum,

181 2687 242 2750 nisi
266 2685 399 2751 fortasse
422 2686 559 2771 alicujus
583 2687 736 2752 momenti
757 2693 821 2766 est,
852 2687 937 2771 quod
960 2708 1064 2772 aequa
1088 2687 1209 2771 pariter
1229 2693 1325 2771 atque

181 2789 291 2872 iniqua
313 2788 352 2852 de
375 2788 479 2855 Galba
507 2795 541 2856 et
562 2790 686 2855 Othone
712 2790 837 2872 judicia
866 2790 906 2855 ab
937 2795 1066 2855 auctore
1091 2790 1201 2853 Dionis
1230 2790 1325 2854 veris·

180 2888 260 2954 simo
282 2890 416 2955 collecta
438 2910 508 2954 esse
529 2898 676 2974 apparet,
706 2893 791 2975 quod
814 2892 961 2957 Cluvium
986 2891 1120 2970 Rufum,
1149 2892 1324 2955 tactionum

181 2993 407 3057 certaminibus
430 2993 607 3068 intentum,
638 2992 750 3058 iecisse
772 2993 824 3058 vix
845 2993 989 3069 credam;
1025 2993 1078 3057 sed
1102 2998 1325 3077 argumentum

180 3093 261 3158 illud
292 3115 312 3157 a
342 3095 491 3160 laudibus
515 3094 656 3178 Verginii
687 3094 759 3158 Rufi
789 3095 1011 3179 depromptum
1042 3094 1133 3165 tenir.
1158 3096 1270 3161 Nissen
1293 3117 1324 3178 p.

181 3198 257 3278 545)
283 3196 382 3259 Dione
404 3196 530 3261 conlato
553 3195 676 3260 firmius
697 3196 860 3260 statuitur.

267 3373 332 3451 Age
356 3391 444 3448 vero,
464 3369 532 3434 reri
553 3375 603 3434 est
623 3366 829 3446 simillimum,
856 3369 988 3433 Dionem
1011 3392 1075 3437 uon
1099 3372 1130 3436 in
1153 3372 1230 3437 solis
1251 3374 1326 3439 Gal-

181 3472 240 3535 bae
262 3477 296 3535 et
312 3471 447 3536 Othonis
471 3472 544 3536 vitis
568 3469 791 3549 describendis,
814 3472 990 3536 sedetiam
1013 3474 1044 3537 in
1069 3475 1163 3539 rebus
1184 3477 1325 3559 superio-

181 3574 268 3636 ribus
291 3580 323 3637 et
345 3574 587 3658 insequentibus
601 3574 789 3638 enarrandis
804 3574 899 3638 Plinii
919 3595 1022 3658 opere,
1045 3578 1132 3640 tonte
1155 3576 1325 3657 uberrimo,

181 3697 273 3740 usum
296 3698 371 3739 esse.
417 3677 520 3755 Quam
542 3676 759 3759 conjecturam
782 3676 1020 3761 comparatione
1039 3677 1149 3743 Dionis
1171 3701 1244 3744 cum
1266 3679 1326 3746 Ta·

181 3778 245 3842 cito
267 3779 436 3861 praecipue
458 3784 491 3843 et
513 3776 664 3842 Suetonio
687 3777 812 3860 longius
834 3779 982 3844 instituta
1004 3779 1045 3843 ad
1068 3786 1190 3846 certum
1205 3782 1326 3865 redige·

181 3898 260 3943 mus.
299 3880 408 3963 Neque
424 3885 482 3958 eat,
505 3879 589 3962 quod
606 3879 749 3945 hocloco
772 3881 876 3946 denno
899 3887 1063 3963 prematur
1085 3888 1118 3946 et
1139 3883 1324 3965 singulatim

181 3980 344 4066 probetur,
366 3981 510 4045 Tacitum
534 4002 553 4045 a
578 3982 679 4047 Dione
700 3982 830 4047 minime
853 4002 921 4047 esse
943 3982 1138 4062 adhibitum,
1159 4005 1234 4049 nam
1256 3986 1326 4069 ipsa

255 4192 274 4259 ι)
311 4192 378 4244 rnt'r.
398 4190 495 4245 Nissen
514 4192 532 4245 1.
551 4210 575 4248 c.
594 4192 729 4263 imprimis
747 4214 774 4264 p.
795 4196 846 4248 507
866 4213 905 4264 sq.
924 4214 950 4265 p.
970 4198 1022 4251 530
1039 4213 1079 4266 sq.
1098 4214 1125 4266 p.
1143 4200 1195 4253 532
1212 4214 1255 4267 sq.
